2872 5070
125 263 186 324 716
477 251 703 320 MORETUM
724 275 756 318 v.
776 258 920 320 76-87.

23 471 27 477 -
127 421 295 508 Grataque
316 419 472 485 nobilium
494 422 623 508 requies
645 420 774 484 lactuca
794 417 951 499 ciborum,

126 502 285 654 glurima
307 505 411 588 surgit
432 501 489 591 ibi]
514 505 693 591 crescitque
716 504 749 587 in
772 502 923 566 acumina
943 500 1042 565 radix

157 597 171 652 t
192 588 304 673 gravis
324 588 358 651 in
380 585 481 651 latum
504 587 638 651 dimissa
659 578 829 651 ctcmbita
851 594 1006 649 ventrem.
1019 598 1057 637 vs

126 671 250 736 Verum
270 669 323 734 hic
345 692 409 734 non
429 669 550 734 domini
571 704 614 718 -·
635 670 707 754 quis
729 670 814 733 enim
836 668 1031 732 contractior
1053 667 1144 735 illo?
1170 705 1217 717 -

127 752 193 819 Sed
235 751 322 840 opuli
344 762 521 840 proventus
544 762 623 835 erat,
644 753 801 851 nonisque
824 751 937 815 diebus
1271 772 1330 825 ,80

126 775 267 902 Venales
289 835 423 901 humero
446 835 551 901 fasces
572 835 726 923 portabat
742 859 776 900 1n
798 835 928 900 urbem·

126 918 207 986 Inde
230 919 360 984 domum
381 921 508 984 cervice
527 920 620 994 levis,
644 920 756 1004 gravis
778 941 853 983 aere
874 883 1012 999 redibat,

126 1003 194 1068 Vix
216 1026 267 1067 um
293 1024 369 1067 uam
389 1002 506 1067 urbani
528 1004 697 1068 comitatus
719 1024 826 1066 merce
848 999 983 1065 macelli.

128 1086 220 1173 Ospa
239 1025 359 1152 rollens
384 1085 525 1173 sectique
544 1087 663 1151 famem
685 1085 797 1150 domat
815 1107 893 1149 area
914 1085 1004 1170 porri

129 1169 286 1257 Quaeque
307 1168 442 1233 trahunt
463 1171 532 1235 acri
552 1169 660 1235 voltus
681 1170 841 1233 nasturtia
863 1188 974 1231 morsu
1290 1188 1322 1241 35

125 1252 299 1339 Intibaque
318 1261 350 1317 et
370 1251 530 1317 Venerem
553 1274 712 1318 revocans
736 1274 833 1316 eruca
856 1258 1045 1315 morantem.

210 1335 294 1401 Tum
314 1357 442 1423 quoque
464 1335 529 1401 tule
550 1335 673 1423 aliquid
693 1335 854 1399 meditans
876 1335 1057 1398 intraverat
1078 1333 1231 1400 hortum.

126 1514 337 1523 —--.—-·--—

126 1620 243 1675 tion'bns
272 1620 423 1677 editoribus
452 1625 593 1692 tamquam
622 1620 745 1689 spurium
769 1620 845 1673 uncis
864 1619 997 1674 inclusum
1015 1618 1193 1674 retinuimus.
1212 1650 1250 1660 -
1268 1620 1310 1681 76.

126 1689 261 1758 requies
287 1690 424 1743 lactuca
449 1692 606 1744 ciborum.
642 1688 740 1768 Scaliq.
759 1690 788 1741 et
807 1689 891 1755 Heyn.
911 1705 941 1741 er
959 1687 1000 1740 his
1020 1686 1109 1740 verbis
1129 1687 1309 1753 concludunt,

127 1771 160 1810 ea
176 1758 276 1824 aetate,
295 1773 349 1826 qua
366 1757 416 1811 hoc
433 1773 540 1812 carmen
559 1757 689 1826 scriptum
708 1759 753 1816 srt,
772 1755 893 1809 homines
911 1771 1007 1809 coenas
1020 1769 1084 1807 suas
1096 1754 1190 1808 adbuc
1203 1757 1310 1810 laetues

128 1824 266 1887 clausisse,
296 1831 363 1894 quas
389 1825 582 1894 posterioribus
599 1825 767 1894 temporibus
786 1824 875 1892 potius
894 1839 925 1875 ca
941 1821 1129 1875 inchoaverint
1147 1824 1308 1885 (secundum

128 1891 246 1945 Martial.
266 1892 314 1958 XI,
333 1896 373 1951 53,
393 1896 416 1945 5.
436 1896 463 1947 et
480 1893 556 1957 XIII,
580 1895 638 1955 11.)
674 1891 715 1946 Cf.
735 1891 816 1945 etiam
836 1890 955 1959 Klopfer.
974 1906 1000 1959 p.
1019 1897 1042 1944 5.
1066 1890 1194 1945 Wernsd.
1216 1898 1305 1945 auten

126 1958 216 2013 locum
235 1959 316 2014 allter
334 1959 474 2079 iutelligit,
505 1964 533 2013 et
551 1961 685 2014 lactucam
702 1963 844 2029 propterea
862 1959 982 2026 requiem
999 1958 1123 2012 anonam
1142 1957 1199 2013 dici
1218 1964 1305 2038 putet,

128 2026 201 2097 qnod
218 2043 250 2080 ea
266 2043 324 2079 sum
346 2031 376 2079 ta
392 2043 422 2080 re
444 2028 491 2097 qui
508 2027 561 2083 cibi
580 2027 753 2096 appetentius
775 2025 858 2094 recipi
876 2025 1024 2095 meliusque
1041 2027 1138 2079 sedere
1155 2030 1304 2095 potuerint,

128 2097 160 2173 ut
179 2094 309 2171 Horatius
327 2043 455 2162 loquatur
473 2094 530 2173 Sat.
549 2095 585 2172 ΙΙ,
605 2099 629 2160 2,
650 2099 689 2172 tt.
724 2094 763 2147 De
781 2094 891 2147 lacurca
911 2092 972 2182 ipsa
989 2096 1091 2158 (nostro
1110 2092 1303 2159 Gartemalat)

127 2176 236 2230 crusque
254 2176 282 2213 vr
301 2161 468 2214 stomachum
486 2162 574 2215 ciendr
592 2161 623 2215 cf.
643 2163 760 2215 Dioscor.
781 2161 817 2223 ΙΙ,
838 2165 893 2214 lus.
912 2159 1043 2229 Iheophr.
1063 2160 1090 2213 h.
1110 2161 1150 2229 pl.
1169 2161 1233 2230 VII,
1246 2167 1269 2215 3.
1281 2168 1303 2216 6.

126 2227 418 2293 Ρ1111.Χ1Χ,6,38,ΧΧ,
427 2232 497 2292 121.
511 2228 912 2296 VarroL.L.V‚104.p.10t5.Sp.
938 2229 1034 2284 ,4111
1048 2225 1303 2293 Cels.V,t.Colnm.

127 2295 176 2361 VI,
198 2300 235 2350 15.
266 2297 294 2349 et
312 2295 400 2349 Hemd
439 2294 474 2349 ad
491 2296 556 2349 Hor.
574 2297 630 2351 Sat.
649 2295 686 2362 ΙΙ,
704 2301 729 2363 4,
750 2301 789 2349 59.
811 2326 842 2333 -
862 2295 893 2349 V.
916 2245 962 2355 li.
991 2312 1051 2349 cum
1070 2295 1147 2349 absit
1176 2299 1303 2351 smaltis

127 2363 221 2425 eodo,
240 2363 269 2416 in
287 2363 348 2417 aliis
369 2367 460 2418 autem
478 2363 556 2417 libris
574 2364 627 2416 iam
647 2365 709 2432 post
726 2381 752 2417 v.
772 2367 813 2417 13.
831 2363 946 2431 legatur,
965 2363 1134 2433 aptioribus
1155 2364 1302 2419 editoribus

127 2430 209 2496 vulgo
229 2431 372 2486 omittItur.
396 2430 510 2484 Bothius
529 2433 620 2485 tamen
639 2448 700 2485 eum
720 2434 783 2499 post
801 2447 824 2484 v.
845 2434 885 2486 16.
904 2431 1089 2484 collocandum
1107 2435 1136 2485 st
1155 2433 1196 2486 sic
1212 2433 1301 2502 legen·

127 2498 191 2552 dum
210 2499 328 2552 censuit:
351 2499 479 2552 Plurima
496 2501 624 2567 serpebat
643 2516 763 2553 merearis
781 2500 810 2552 iu
827 2499 950 2551 carmine
968 2499 1066 2561 radia,
1090 2514 1178 2566 eaque
1197 2517 1225 2554 re
1243 2515 1301 2554 vera

127 2567 231 2633 recepit
248 2565 324 2619 Iahn.
360 2566 416 2619 Nos
434 2567 483 2619 hoc
502 2566 558 2620 loco
577 2583 636 2620 eum
656 2567 834 2632 restituimus,
853 2566 1002 2633 Hauptium
1023 2566 1079 2636 (qui
1098 2566 1132 2619 cf.
1146 2567 1259 2625 ibidem)
1276 2572 1300 2619 et

128 2627 289 2703 posteriores
307 2633 424 2687 editores
442 2636 536 2697 secuti,
562 2636 685 2688 arumr‘nc
704 2636 732 2687 in
749 2634 875 2687 carmina
893 2637 1007 2696 mutato,
1025 2634 1114 2752 prima
1133 2649 1199 2688 vero
1216 2634 1299 2697 verbu,

129 2716 197 2770 quac
216 2699 291 2752 nulla
307 2701 363 2755 fere
380 2700 463 2754 Codd.
482 2703 645 2756 auctoritate
664 2703 789 2755 nituntur
806 2705 833 2754 et
850 2705 992 2770 propterea
1009 2717 1024 2754 a
1062 2701 1185 2770 Hauptio
1204 2702 1300 2756 111Βί11-

129 2767 220 2822 beckio
250 2783 361 2837 prorsus
379 2769 550 2832 omittuntur,
582 2786 641 2823 cunr
660 2770 787 2823 Benoisto
814 2769 889 2821 uncis
906 2769 1074 2821 inclusimus.
1096 2799 1127 2805 —-
1144 2773 1255 2824 radia
1270 2769 1300 2822 de

129 2835 249 2903 raphano
267 2835 480 2904 intelligendum.
502 2867 533 2875 —
552 2838 619 2890 Cum
639 2854 662 2890 v.
681 2836 725 2898 78.
748 2837 782 2890 cf.
801 2836 852 2889 Pro
875 2880 879 2889 .
897 2838 922 2887 V
940 2836 988 2900 (ΙΙ1
991 2838 1009 2900 ),
1029 2840 1053 2897 2,
1070 2839 1114 2888 4³.
1135 2838 1241 2891 tumido
1258 2855 1300 2890 ru-

128 2903 234 2956 carbr'ta
254 2909 346 2956 uentre
364 2906 391 2956 et
409 2903 512 2957 Colum.
530 2904 563 2972 X,
582 2907 639 2957 561.
660 2904 836 2979 (Cucurbitat
847 2853 966 2957 drouart·
982 2904 1110 2973 corporeis
1127 2912 1211 2974 atque
1228 2914 1299 2958 suero

128 2971 241 3023 nimium
259 2988 330 3039 qaae
347 2979 425 3024 vasta
444 2973 572 3039 tumescit,
592 2988 674 3040 quare
691 2972 757 3027 ibid.
771 2989 794 3026 v.
809 2975 865 3025 350.
878 2989 1035 3040 praepones
1052 2970 1160 3025 dicitur.
1171 3003 1205 3012 -
1218 2972 1301 3040 Vulgo

128 3038 259 3106 demisw,
288 3038 360 3109 quod
381 3039 421 3093 He
439 3055 464 3093 n.
495 3039 611 3107 explicat
640 3057 675 3101 „a
700 3040 798 3094 vertice
817 3041 972 3107 angustiore
990 3039 1018 3091 iu
1039 3039 1164 3092 latiorem
1184 3043 1300 3093 ventrem

130 3109 319 3170 excrescens;“
349 3106 395 3159 sed
421 3055 474 3161 lroc
502 3107 588 3161 multo
615 3108 705 3175 aptius
735 3107 861 3186 exprimit
887 3107 1064 3186 plurimorum
1086 3105 1171 3160 Codd.
1192 3112 1222 3161 et
1238 3110 1299 3161 vett

130 3173 209 3229 edItt.
239 3173 321 3228 lectio
350 3175 464 3227 dimissa
498 3191 577 3242 quam
596 3191 656 3228 cnm
675 3176 795 3244 Hauptro
813 3177 962 3243 ceterisque
979 3174 1174 3227 recentioribus
1194 3175 1301 3229 editori·

130 3241 182 3295 bus
200 3243 391 3295 revocavimus.
408 3273 442 3281 -
461 3215 504 3302 it).
525 3244 748 3306 contractior,
769 3242 908 3311 frugalior,
928 3246 1040 3310 parcior.
1052 3309 1058 3320 Ι
1071 3241 1110 3294 CI.
1130 3241 1197 3296 Hor.
1216 3243 1265 3309 Ep.
1280 3241 1300 3307 1,

131 3313 155 3373 ’1,
177 3313 216 3364 12.
252 3310 336 3379 sillig.
356 3311 466 3365 verbum
484 3310 683 3364 substantIvum
703 3310 730 3363 in
751 3309 802 3363 fine
823 3325 914 3362 versus
934 3327 964 3362 ex
1000 3325 1074 3362 aucis
1091 3308 1175 3363 Codd.
1197 3310 1301 3373 adiecit,

130 3377 274 3445 quodcum
293 3378 485 3447 posterioribus
504 3378 651 3431 editoribus
669 3394 761 3430 rursus
775 3377 920 3430 omisimus.
937 3408 964 3414 —
980 3327 1024 3437 XI).
1036 3386 1239 3447 prouentus.
1252 3379 1270 3430 i.
1280 3394 1301 3430 e.

130 3443 191 3512 ipsa
210 3445 291 3510 olera,
311 3462 378 3515 quae
396 3446 529 3499 educabat
548 3445 675 3514 Simylus,
705 3462 790 3514 neque
808 3448 898 3498 tamen
917 3445 974 3512 ipsc
991 3444 1157 3510 comedebat,
1190 3445 1239 3499 sed
1275 3463 1301 3497 o·

127 3512 197 3583 palo
220 3512 353 3566 vendebat
377 3514 404 3566 in
427 3514 522 3566 urbem
541 3514 691 3582 deportata.
709 3545 742 3553 -—
768 3513 863 3565 nonis
886 3513 1016 3574 dicbus,
1039 3511 1183 3578 nundinis,
1207 3463 1302 3582 qutius

131 3579 225 3633 rustici
255 3579 283 3631 in
312 3582 406 3634 urbem
429 3580 559 3648 proticisci
578 3581 701 3633 solebant
718 3580 752 3634 ad
770 3584 927 3633 mercatum.
962 3579 1022 3632 Vid.
1040 3579 1137 3647 fragm.
1156 3579 1247 3634 Scren.
1267 3584 1303 3633 n.

131 3677 164 3687 -
182 3646 226 3707 81.
243 3648 376 3701 humero
394 3647 483 3718 Sillig.
501 3664 532 3701 ex
550 3648 675 3715 plurimis
693 3647 777 3701 Codd.
800 3647 924 3701 restituit
941 3647 1000 3699 loco
1019 3646 1091 3714 vulg.
1110 3647 1225 3702 olerum.
1259 3648 1303 3701 Iu-

131 3718 210 3768 vatur
238 3713 304 3767 haec
321 3714 400 3768 lectio
423 3716 554 3784 oppositis
572 3716 659 3770 verbis
676 3715 781 3769 cervice
798 3716 865 3769 leuci
881 3715 998 3766 redibat.
1034 3713 1151 3783 Ideoque
1169 3731 1219 3769 nec
1237 3714 1304 3769 asel·

131 3782 189 3836 lum
219 3781 326 3851 quidem
352 3783 478 3845 habebat,
511 3783 556 3851 qui
586 3784 657 3837 olera
675 3783 791 3836 veheret.
810 3813 841 3820 —
859 3779 905 3840 82.
936 3782 976 3835 Cf.
998 3781 1054 3834 licl.
1072 3780 1094 3847 1,
1114 3785 1156 3835 35.
1173 3801 1230 3837 non
1247 3800 1303 3834 ran·

131 3849 405 3973 qqarqsqrcqcecalcre
422 3851 617 3971 danqrrlromilvi
624 3853 731 3978 8(garba
745 3852 863 3970 brssdllfal·
883 3849 982 3903 Catuli.
1001 3848 1067 3969 XX,
1074 3853 1121 3970 ι13
1139 3847 1303 3970 01611ῧῖ111.

172 3956 178 3980 ,
249 3933 288 3969 ,Ε
345 3933 424 3971 oum.
550 3947 605 3972 ,··
664 3960 670 3971 .
701 3937 740 3970 ut·
765 3936 821 3971 ant
839 3934 945 3970 merce
962 3934 1051 3969 1111106
1090 3936 1113 3976 l,
1133 3933 1207 3971 carm
1229 3935 1260 3972 us
1276 3933 1304 3970 ln

131 3983 352 4049 macenariam.
362 3984 422 4037 Aur.
433 3959 505 4049 11.'s‚
515 3990 538 4038 ³.
548 3986 662 4041 namn.
672 3985 740 4047 nv,
752 3991 805 4038 nr.
817 4002 844 4053 p.
860 3989 913 4038 ns.
924 3986 968 4054 sp.
978 3989 1053 4053 par.
1062 3985 1096 4037 11.
1109 3984 1174 4038 nor.
1181 3985 1259 4054 Epi,
1269 3989 1303 4044 rs,

133 4057 174 4106 31.
192 4053 249 4105 Liv.
262 4052 373 4118 XXVII,
391 4056 429 4104 11.
443 4057 505 4119 etc.)
518 4055 622 4121 emptis.
649 4052 817 4107 Parsimonia
836 4052 906 4105 onim
925 4069 1003 4106 carne
1023 4053 1188 4117 abstinebat,
1201 4056 1230 4106 et
1241 4052 1303 4106 solis

133 4120 250 4175 oleribus
265 4122 406 4174 contentus
419 4124 485 4175 erat.
497 4152 527 4159 -
540 4120 586 4181 84.
599 4138 680 4191 cepa
692 4122 827 4180 rabano,
842 4137 910 4189 quae
921 4120 1008 4173 Plinio
1018 4126 1127 4174 auctore
1139 4120 1214 4187 XIX,
1227 4124 1251 4185 6,
1264 4123 1302 4172 31.

132 4189 228 4242 acrior
244 4206 325 4257 qaam
343 4188 474 4242 candida.
495 4219 525 4226 -
544 4207 625 4242 arca
652 4189 766 4258 porri,
799 4204 861 4240 area
885 4188 957 4240 horti
975 4189 1061 4256 porris
1079 4189 1194 4251 consita,
1224 4202 1304 4255 caque

132 4272 180 4324 pro
198 4256 256 4324 ipso
274 4271 352 4323 porro
370 4273 400 4310 er
418 4272 480 4309 area
498 4256 619 4322 sublato,
642 4264 762 4310 scotrrm
779 4260 870 4309 autem
886 4274 1024 4324 porram
1058 4254 1131 4325 quod
1149 4256 1213 4309 aliis
1228 4254 1305 4308 sacti-

132 4341 195 4376 uum
213 4322 294 4391 (Plin.
312 4324 370 4388 XX,
391 4329 414 4387 6,
435 4328 475 4377 21.
506 4324 623 4443 Geopon.
646 4324 682 4388 ΙΙ,
704 4327 729 4384 6,
759 4326 798 4376 32.
829 4323 946 4376 Illartial.
966 4297 1042 4385 XIII,
1062 4326 1112 4389 16.)
1144 4323 1187 4378 vel
1215 4323 1306 4376 sectile

133 4392 234 4457 (Iuven.
251 4391 302 4454 111,
321 4396 378 4446 293.
408 4391 510 4445 Colum.
530 4391 577 4451 X,
597 4394 620 4454 3,
642 4394 830 4447 30.tvocatnr.
865 4391 926 4443 Vid.
951 4407 1032 4458 supra
1049 4391 1084 4444 ad
1102 4407 1127 4445 v.
1147 4394 1189 4444 11.
1210 4420 1236 4429 -
1259 4389 1305 4451 813.

133 4460 173 4512 De
202 4460 377 4512 nasturtio
407 4466 510 4515 (nostro
528 4457 636 4520 Kressa)
667 4459 718 4512 vid.
738 4459 856 4511 Dioscor.
876 4458 913 4516 ΙΙ,
936 4462 990 4511 181.
1012 4458 1089 4512 Varr.
1108 4459 1139 4512 R.
1158 4459 1189 4511 n.
1209 4458 1262 4519 III,
1282 4464 1307 4511 a.

134 4525 239 4579 Colum.
261 4526 294 4591 X,
313 4531 371 4579 231.
391 4527 460 4580 Plin.
480 4526 552 4593 XIX,
573 4529 596 4589 ὃ,
617 4529 659 4578 44.
686 4526 744 4580 XX.
766 4529 806 4586 13,
826 4531 866 4578 50.
884 4528 912 4579 et
931 4526 949 4579 S
970 4525 1072 4595 rengel.
1091 4526 1125 4580 ad
1143 4526 1232 4580 Diosc.
1250 4523 1307 4580 11.

134 4592 169 4647 II.
188 4610 215 4661 p.
234 4597 292 4646 414.
311 4595 391 4648 etad
409 4594 540 4663 Theophr.
558 4609 586 4661 p.
606 4597 662 4646 251.
683 4623 710 4632 -
733 4593 778 4652 86.
797 4593 917 4646 intiba.
946 4543 1007 4646 lid.
1026 4592 1184 4656 critical,
1206 4595 1263 4648 120.
1275 4623 1308 4631 -

134 4659 175 4713 De
204 4676 304 4714 eruca
329 4661 464 4732 (εὐζώμῳ,
494 4662 569 4718 nobis
599 4661 708 4728 Baete)
737 4661 791 4714 vid.
808 4660 927 4715 Dioscor.
946 4660 983 4724 ΙΙ,
1004 4663 1060 4715 110.
1089 4660 1223 4731 Theophr.
1240 4661 1264 4724 1,
1283 4664 1307 4715 9.
