<?xml version="1.0" encoding="UTF-8"?>
<!DOCTYPE html PUBLIC "-//W3C//DTD XHTML 1.0 Transitional//EN"
    "http://www.w3.org/TR/xhtml1/DTD/xhtml1-transitional.dtd">
<html xmlns="http://www.w3.org/1999/xhtml" xml:lang="en" lang="en">
 <head>
  <title>
</title>
<meta http-equiv="Content-Type" content="text/html;charset=utf-8" />
  <meta name='ocr-system' content='tesseract 3.04.00' />
  <meta name='ocr-capabilities' content='ocr_page ocr_carea ocr_par ocr_line ocrx_word'/>
</head>
<body>
  <div class='ocr_page' id='page_1' title='image "./pvirgilimaronis00forbgoog_0440.png"; bbox 0 0 2872 5070; ppageno 0'>
   <div class='ocr_carea' id='block_1_1' title="bbox 162 251 977 324">
    <p class='ocr_par' dir='ltr' id='par_1_1' title="bbox 162 251 977 324">
     <span class='ocr_line' id='line_1_1' title="bbox 162 251 977 324; baseline -0.01 0"><span class='ocrx_word' id='word_1_1' title='bbox 162 261 223 324; x_wconf 77' lang='grc'>398</span> <span class='ocrx_word' id='word_1_2' title='bbox 511 254 548 320; x_wconf 91' lang='grc' dir='ltr'>Ρ.</span> <span class='ocrx_word' id='word_1_3' title='bbox 570 251 757 319; x_wconf 74' lang='lat' dir='ltr'>Vuaolnl</span> <span class='ocrx_word' id='word_1_4' title='bbox 776 251 977 318; x_wconf 78' lang='lat' dir='ltr'>MARONIS</span> 
     </span>
    </p>
   </div>
   <div class='ocr_carea' id='block_1_2' title="bbox 160 416 1342 1500">
    <p class='ocr_par' dir='ltr' id='par_1_2' title="bbox 163 416 1102 484">
     <span class='ocr_line' id='line_1_2' title="bbox 163 416 1102 484; baseline -0.005 0"><span class='ocrx_word' id='word_1_5' title='bbox 163 421 248 484; x_wconf 89' lang='lat' dir='ltr'>Tum</span> <span class='ocrx_word' id='word_1_6' title='bbox 270 418 332 484; x_wconf 88' lang='lat' dir='ltr'>dea</span> <span class='ocrx_word' id='word_1_7' title='bbox 352 419 438 484; x_wconf 91' lang='lat' dir='ltr'>nube</span> <span class='ocrx_word' id='word_1_8' title='bbox 460 440 543 483; x_wconf 85' lang='lat' dir='ltr'>cava</span> <span class='ocrx_word' id='word_1_9' title='bbox 562 427 689 482; x_wconf 88' lang='lat' dir='ltr'>tenuem</span> <span class='ocrx_word' id='word_1_10' title='bbox 713 419 784 482; x_wconf 91' lang='lat' dir='ltr'>sine</span> <span class='ocrx_word' id='word_1_11' title='bbox 802 418 930 482; x_wconf 87' lang='lat' dir='ltr'>viribus</span> <span class='ocrx_word' id='word_1_12' title='bbox 952 416 1102 480; x_wconf 87' lang='lat' dir='ltr'>umbram</span> 
     </span>
    </p>

    <p class='ocr_par' dir='ltr' id='par_1_3' title="bbox 160 500 1076 566">
     <span class='ocr_line' id='line_1_3' title="bbox 160 500 1076 566; baseline -0.003 0"><span class='ocrx_word' id='word_1_13' title='bbox 160 502 200 566; x_wconf 91' lang='lat' dir='ltr'>In</span> <span class='ocrx_word' id='word_1_14' title='bbox 221 503 338 566; x_wconf 87' lang='lat' dir='ltr'>faciem</span> <span class='ocrx_word' id='word_1_15' title='bbox 355 502 487 566; x_wconf 77' lang='lat' dir='ltr'><strong>Aeneae</strong></span> <span class='ocrx_word' id='word_1_16' title='bbox 509 537 547 548; x_wconf 93' lang='lat'>—</span> <span class='ocrx_word' id='word_1_17' title='bbox 569 504 643 566; x_wconf 84' lang='lat' dir='ltr'>risu</span> <span class='ocrx_word' id='word_1_18' title='bbox 663 500 814 566; x_wconf 89' lang='lat' dir='ltr'>mirabile</span> <span class='ocrx_word' id='word_1_19' title='bbox 833 510 1013 565; x_wconf 86' lang='lat' dir='ltr'>monstrum</span> <span class='ocrx_word' id='word_1_20' title='bbox 1034 536 1076 544; x_wconf 94' lang='lat'>-</span> 
     </span>
    </p>

    <p class='ocr_par' dir='ltr' id='par_1_4' title="bbox 162 583 956 672">
     <span class='ocr_line' id='line_1_4' title="bbox 162 583 956 672; baseline -0.005 -22"><span class='ocrx_word' id='word_1_21' title='bbox 162 586 343 650; x_wconf 90' lang='lat' dir='ltr'>Dardaniis</span> <span class='ocrx_word' id='word_1_22' title='bbox 363 594 458 649; x_wconf 88' lang='lat' dir='ltr'>ornat</span> <span class='ocrx_word' id='word_1_23' title='bbox 480 583 555 648; x_wconf 89' lang='lat' dir='ltr'>telis</span> <span class='ocrx_word' id='word_1_24' title='bbox 575 583 777 672; x_wconf 80' lang='lat' dir='ltr'>clipeumque</span> <span class='ocrx_word' id='word_1_25' title='bbox 798 583 956 670; x_wconf 87' lang='lat' dir='ltr'>iubasque</span> 
     </span>
    </p>

    <p class='ocr_par' dir='ltr' id='par_1_5' title="bbox 161 666 972 753">
     <span class='ocr_line' id='line_1_5' title="bbox 161 666 972 753; baseline -0.004 -21"><span class='ocrx_word' id='word_1_26' title='bbox 161 669 277 733; x_wconf 85' lang='lat' dir='ltr'>Divini</span> <span class='ocrx_word' id='word_1_27' title='bbox 299 666 474 732; x_wconf 80' lang='lat' dir='ltr'><strong>adsimulat</strong></span> <span class='ocrx_word' id='word_1_28' title='bbox 498 668 626 753; x_wconf 88' lang='lat' dir='ltr'>capitis,</span> <span class='ocrx_word' id='word_1_29' title='bbox 647 666 706 731; x_wconf 90' lang='lat' dir='ltr'>dat</span> <span class='ocrx_word' id='word_1_30' title='bbox 726 670 837 731; x_wconf 91' lang='lat' dir='ltr'>inania</span> <span class='ocrx_word' id='word_1_31' title='bbox 859 666 972 747; x_wconf 87' lang='lat' dir='ltr'>verba,</span> 
     </span>
    </p>

    <p class='ocr_par' dir='ltr' id='par_1_6' title="bbox 162 749 1342 932">
     <span class='ocr_line' id='line_1_6' title="bbox 162 749 1342 836; baseline -0.005 -20"><span class='ocrx_word' id='word_1_32' title='bbox 162 752 232 816; x_wconf 89' lang='lat' dir='ltr'>Dat</span> <span class='ocrx_word' id='word_1_33' title='bbox 253 752 322 815; x_wconf 90' lang='lat' dir='ltr'>siue</span> <span class='ocrx_word' id='word_1_34' title='bbox 343 760 450 815; x_wconf 90' lang='lat' dir='ltr'>mente</span> <span class='ocrx_word' id='word_1_35' title='bbox 471 772 585 815; x_wconf 88' lang='lat' dir='ltr'>sonum</span> <span class='ocrx_word' id='word_1_36' title='bbox 608 771 741 836; x_wconf 77' lang='lat' dir='ltr'>gressus</span> <span class='ocrx_word' id='word_1_37' title='bbox 763 770 804 813; x_wconf 92' lang='lat' dir='ltr'>ue</span> <span class='ocrx_word' id='word_1_38' title='bbox 826 749 951 832; x_wconf 85' lang='lat' dir='ltr'>effingit</span> <span class='ocrx_word' id='word_1_39' title='bbox 972 750 1094 813; x_wconf 89' lang='lat' dir='ltr'>euntis:</span> <span class='ocrx_word' id='word_1_40' title='bbox 1286 760 1342 810; x_wconf 75' lang='lat' dir='ltr'>tto</span> 
     </span>
     <span class='ocr_line' id='line_1_7' title="bbox 162 830 998 932; baseline -0.002 -35"><span class='ocrx_word' id='word_1_41' title='bbox 162 834 269 898; x_wconf 83' lang='lat' dir='ltr'>Morte</span> <span class='ocrx_word' id='word_1_42' title='bbox 291 832 381 897; x_wconf 88' lang='lat' dir='ltr'>obita</span> <span class='ocrx_word' id='word_1_43' title='bbox 403 830 509 932; x_wconf 73' lang='lat' dir='ltr'>qualis</span> <span class='ocrx_word' id='word_1_44' title='bbox 530 834 620 896; x_wconf 87' lang='lat' dir='ltr'>fama</span> <span class='ocrx_word' id='word_1_45' title='bbox 640 843 691 897; x_wconf 87' lang='lat' dir='ltr'>est</span> <span class='ocrx_word' id='word_1_46' title='bbox 711 856 754 898; x_wconf 90' lang='lat' dir='ltr'>vo</span> <span class='ocrx_word' id='word_1_47' title='bbox 769 834 851 897; x_wconf 85' lang='lat' dir='ltr'>&#39;tare</span> <span class='ocrx_word' id='word_1_48' title='bbox 873 832 998 916; x_wconf 84' lang='lat' dir='ltr'>figuras</span> 
     </span>
    </p>

    <p class='ocr_par' dir='ltr' id='par_1_7' title="bbox 162 914 952 1003">
     <span class='ocr_line' id='line_1_8' title="bbox 162 914 952 1003; baseline -0.001 -22"><span class='ocrx_word' id='word_1_49' title='bbox 162 918 230 981; x_wconf 84' lang='lat' dir='ltr'>Aut</span> <span class='ocrx_word' id='word_1_50' title='bbox 252 938 335 1003; x_wconf 90' lang='lat' dir='ltr'>quae</span> <span class='ocrx_word' id='word_1_51' title='bbox 358 927 482 1002; x_wconf 82' lang='lat' dir='ltr'>sopitos</span> <span class='ocrx_word' id='word_1_52' title='bbox 505 914 662 981; x_wconf 88' lang='lat' dir='ltr'>deludunt</span> <span class='ocrx_word' id='word_1_53' title='bbox 682 917 808 982; x_wconf 91' lang='lat' dir='ltr'>somnia</span> <span class='ocrx_word' id='word_1_54' title='bbox 830 938 952 980; x_wconf 88' lang='lat' dir='ltr'>sensus.</span> 
     </span>
    </p>

    <p class='ocr_par' dir='ltr' id='par_1_8' title="bbox 162 997 966 1086">
     <span class='ocr_line' id='line_1_9' title="bbox 162 997 966 1086; baseline -0.005 -21"><span class='ocrx_word' id='word_1_55' title='bbox 162 1000 208 1065; x_wconf 82' lang='lat' dir='ltr'>At</span> <span class='ocrx_word' id='word_1_56' title='bbox 228 1001 353 1086; x_wconf 89' lang='lat' dir='ltr'>primas</span> <span class='ocrx_word' id='word_1_57' title='bbox 375 999 462 1063; x_wconf 87' lang='lat' dir='ltr'>laeta</span> <span class='ocrx_word' id='word_1_58' title='bbox 483 1008 559 1062; x_wconf 88' lang='lat' dir='ltr'>ante</span> <span class='ocrx_word' id='word_1_59' title='bbox 581 1000 668 1063; x_wconf 89' lang='lat' dir='ltr'>acies</span> <span class='ocrx_word' id='word_1_60' title='bbox 690 997 836 1063; x_wconf 80' lang='lat' dir='ltr'>exsultat</span> <span class='ocrx_word' id='word_1_61' title='bbox 856 999 966 1083; x_wconf 85' lang='lat' dir='ltr'>imago</span> 
     </span>
    </p>

    <p class='ocr_par' dir='ltr' id='par_1_9' title="bbox 162 1081 885 1169">
     <span class='ocr_line' id='line_1_10' title="bbox 162 1081 885 1169; baseline -0.001 -22"><span class='ocrx_word' id='word_1_62' title='bbox 162 1082 344 1169; x_wconf 85' lang='lat' dir='ltr'>inritatque</span> <span class='ocrx_word' id='word_1_63' title='bbox 366 1083 472 1146; x_wconf 88' lang='lat' dir='ltr'>virum</span> <span class='ocrx_word' id='word_1_64' title='bbox 492 1081 565 1146; x_wconf 90' lang='lat' dir='ltr'>telis</span> <span class='ocrx_word' id='word_1_65' title='bbox 587 1092 620 1146; x_wconf 93' lang='lat' dir='ltr'>et</span> <span class='ocrx_word' id='word_1_66' title='bbox 640 1104 722 1146; x_wconf 92' lang='lat' dir='ltr'>voce</span> <span class='ocrx_word' id='word_1_67' title='bbox 743 1081 885 1146; x_wconf 81' lang='lat' dir='ltr'>lacessit</span> 
     </span>
    </p>

    <p class='ocr_par' dir='ltr' id='par_1_10' title="bbox 163 1162 1341 1333">
     <span class='ocr_line' id='line_1_11' title="bbox 163 1162 1341 1251; baseline 0 -21"><span class='ocrx_word' id='word_1_68' title='bbox 163 1167 270 1230; x_wconf 89' lang='lat' dir='ltr'>Iustat</span> <span class='ocrx_word' id='word_1_69' title='bbox 291 1164 343 1229; x_wconf 93' lang='lat' dir='ltr'>cui</span> <span class='ocrx_word' id='word_1_70' title='bbox 365 1164 497 1228; x_wconf 89' lang='lat' dir='ltr'>Turnus</span> <span class='ocrx_word' id='word_1_71' title='bbox 518 1165 770 1251; x_wconf 74' lang='lat' dir='ltr'>stridentemque</span> <span class='ocrx_word' id='word_1_72' title='bbox 791 1165 918 1229; x_wconf 87' lang='lat' dir='ltr'>eminus</span> <span class='ocrx_word' id='word_1_73' title='bbox 938 1162 1067 1227; x_wconf 77' lang='lat' dir='ltr'>hastam</span> <span class='ocrx_word' id='word_1_74' title='bbox 1288 1181 1341 1230; x_wconf 75' lang='grc'>645</span> 
     </span>
     <span class='ocr_line' id='line_1_12' title="bbox 163 1246 889 1333; baseline -0.003 -17"><span class='ocrx_word' id='word_1_75' title='bbox 163 1248 306 1330; x_wconf 80' lang='lat' dir='ltr'>Conicit3</span> <span class='ocrx_word' id='word_1_76' title='bbox 328 1247 385 1312; x_wconf 90' lang='lat' dir='ltr'>illa</span> <span class='ocrx_word' id='word_1_77' title='bbox 403 1246 480 1312; x_wconf 88' lang='lat' dir='ltr'>dato</span> <span class='ocrx_word' id='word_1_78' title='bbox 502 1250 601 1312; x_wconf 83' lang='lat' dir='ltr'>vertit</span> <span class='ocrx_word' id='word_1_79' title='bbox 621 1249 762 1333; x_wconf 87' lang='lat' dir='ltr'>vestigia</span> <span class='ocrx_word' id='word_1_80' title='bbox 783 1257 889 1332; x_wconf 86' lang='lat' dir='ltr'>tergo.</span> 
     </span>
    </p>

    <p class='ocr_par' dir='ltr' id='par_1_11' title="bbox 164 1329 1023 1395">
     <span class='ocr_line' id='line_1_13' title="bbox 164 1329 1023 1395; baseline -0.001 -1"><span class='ocrx_word' id='word_1_81' title='bbox 164 1331 249 1395; x_wconf 89' lang='lat' dir='ltr'>Tum</span> <span class='ocrx_word' id='word_1_82' title='bbox 269 1352 348 1394; x_wconf 90' lang='lat' dir='ltr'>vero</span> <span class='ocrx_word' id='word_1_83' title='bbox 370 1330 504 1395; x_wconf 77' lang='lat' dir='ltr'>Aenean</span> <span class='ocrx_word' id='word_1_84' title='bbox 527 1352 678 1395; x_wconf 86' lang='lat' dir='ltr'>aversum</span> <span class='ocrx_word' id='word_1_85' title='bbox 700 1341 736 1394; x_wconf 93' lang='lat' dir='ltr'>ut</span> <span class='ocrx_word' id='word_1_86' title='bbox 756 1329 872 1394; x_wconf 79' lang='lat' dir='ltr'>cedere</span> <span class='ocrx_word' id='word_1_87' title='bbox 892 1329 1023 1394; x_wconf 88' lang='lat' dir='ltr'>Turnus</span> 
     </span>
    </p>

    <p class='ocr_par' dir='ltr' id='par_1_12' title="bbox 165 1412 1146 1500">
     <span class='ocr_line' id='line_1_14' title="bbox 165 1412 1146 1500; baseline -0.003 -21"><span class='ocrx_word' id='word_1_88' title='bbox 165 1413 314 1480; x_wconf 82' lang='lat' dir='ltr'>Credidit</span> <span class='ocrx_word' id='word_1_89' title='bbox 335 1423 433 1500; x_wconf 90' lang='lat' dir='ltr'>atque</span> <span class='ocrx_word' id='word_1_90' title='bbox 453 1414 562 1478; x_wconf 90' lang='lat' dir='ltr'>animo</span> <span class='ocrx_word' id='word_1_91' title='bbox 585 1436 676 1500; x_wconf 88' lang='lat' dir='ltr'>spem</span> <span class='ocrx_word' id='word_1_92' title='bbox 700 1412 850 1479; x_wconf 88' lang='lat' dir='ltr'>turbidus</span> <span class='ocrx_word' id='word_1_93' title='bbox 872 1413 981 1478; x_wconf 84' lang='lat' dir='ltr'>hausit</span> <span class='ocrx_word' id='word_1_94' title='bbox 1001 1415 1146 1478; x_wconf 90' lang='lat' dir='ltr'>inanem:</span> 
     </span>
    </p>
   </div>
   <div class='ocr_carea' id='block_1_3' title="bbox 164 1619 371 1628">
    <p class='ocr_par' dir='ltr' id='par_1_13' title="bbox 164 1619 371 1628">
     <span class='ocr_line' id='line_1_15' title="bbox 164 1619 371 1628; baseline -0.005 0"><span class='ocrx_word' id='word_1_95' title='bbox 164 1619 371 1628; x_wconf 50' lang='lat' dir='ltr'>m-</span> 
     </span>
    </p>
   </div>
   <div class='ocr_carea' id='block_1_4' title="bbox 163 1743 1383 4725">
    <p class='ocr_par' dir='ltr' id='par_1_14' title="bbox 163 1743 1383 4725">
     <span class='ocr_line' id='line_1_16' title="bbox 163 1743 1340 1817; baseline -0.004 -14"><span class='ocrx_word' id='word_1_96' title='bbox 163 1757 290 1804; x_wconf 79' lang='lat' dir='ltr'>enstra.</span> <span class='ocrx_word' id='word_1_97' title='bbox 326 1748 369 1804; x_wconf 80' lang='lat' dir='ltr'>Sic</span> <span class='ocrx_word' id='word_1_98' title='bbox 386 1749 471 1803; x_wconf 88' lang='lat' dir='ltr'>Varro</span> <span class='ocrx_word' id='word_1_99' title='bbox 489 1763 533 1817; x_wconf 85' lang='lat' dir='ltr'>ap.</span> <span class='ocrx_word' id='word_1_100' title='bbox 549 1747 621 1803; x_wconf 86' lang='lat' dir='ltr'>Serv.</span> <span class='ocrx_word' id='word_1_101' title='bbox 648 1746 683 1800; x_wconf 86' lang='lat' dir='ltr'>ad</span> <span class='ocrx_word' id='word_1_102' title='bbox 700 1748 766 1801; x_wconf 80' lang='lat' dir='ltr'>Aen.</span> <span class='ocrx_word' id='word_1_103' title='bbox 783 1746 832 1810; x_wconf 87' lang='lat' dir='ltr'>IX,</span> <span class='ocrx_word' id='word_1_104' title='bbox 850 1748 875 1801; x_wconf 85' lang='grc'><strong>8.</strong></span> <span class='ocrx_word' id='word_1_105' title='bbox 910 1745 1036 1799; x_wconf 63' lang='lat' dir='ltr'>moen</span> <span class='ocrx_word' id='word_1_106' title='bbox 1062 1750 1189 1799; x_wconf 77' lang='lat' dir='ltr'>castmm.</span> <span class='ocrx_word' id='word_1_107' title='bbox 1224 1743 1288 1798; x_wconf 90' lang='lat' dir='ltr'>Vid.</span> <span class='ocrx_word' id='word_1_108' title='bbox 1305 1745 1340 1798; x_wconf 88' lang='lat' dir='ltr'>ad</span> 
     </span>
     <span class='ocr_line' id='line_1_17' title="bbox 164 1811 1340 1879; baseline -0.005 -9"><span class='ocrx_word' id='word_1_109' title='bbox 164 1816 226 1879; x_wconf 86' lang='lat' dir='ltr'>Vll,</span> <span class='ocrx_word' id='word_1_110' title='bbox 245 1820 286 1871; x_wconf 84' lang='grc'><strong>61.</strong></span> <span class='ocrx_word' id='word_1_111' title='bbox 306 1820 335 1869; x_wconf 90' lang='lat' dir='ltr'>et</span> <span class='ocrx_word' id='word_1_112' title='bbox 352 1817 387 1870; x_wconf 84' lang='lat' dir='ltr'>cf.</span> <span class='ocrx_word' id='word_1_113' title='bbox 416 1815 500 1871; x_wconf 86' lang='lat' dir='ltr'>etiarn</span> <span class='ocrx_word' id='word_1_114' title='bbox 519 1815 625 1869; x_wconf 86' lang='lat' dir='ltr'>Dissen.</span> <span class='ocrx_word' id='word_1_115' title='bbox 648 1814 684 1868; x_wconf 87' lang='lat' dir='ltr'>ad</span> <span class='ocrx_word' id='word_1_116' title='bbox 701 1814 760 1871; x_wconf 75' lang='lat' dir='ltr'>lib.</span> <span class='ocrx_word' id='word_1_117' title='bbox 779 1814 815 1876; x_wconf 92' lang='lat'>11,</span> <span class='ocrx_word' id='word_1_118' title='bbox 833 1820 857 1879; x_wconf 80' lang='grc'>5,</span> <span class='ocrx_word' id='word_1_119' title='bbox 876 1817 920 1868; x_wconf 77' lang='lat'>41.</span> <span class='ocrx_word' id='word_1_120' title='bbox 948 1845 982 1854; x_wconf 93' lang='lat'><em>-</em></span> <span class='ocrx_word' id='word_1_121' title='bbox 1010 1811 1074 1873; x_wconf 55' lang='grc'>6377</span> <span class='ocrx_word' id='word_1_122' title='bbox 1092 1812 1134 1866; x_wconf 83' lang='lat' dir='ltr'>Gt.</span> <span class='ocrx_word' id='word_1_123' title='bbox 1153 1813 1231 1866; x_wconf 86' lang='lat' dir='ltr'>Hom.</span> <span class='ocrx_word' id='word_1_124' title='bbox 1253 1813 1289 1866; x_wconf 94' lang='lat' dir='ltr'>Il.</span> <span class='ocrx_word' id='word_1_125' title='bbox 1307 1812 1340 1874; x_wconf 99' lang='lat' dir='ltr'>V,</span> 
     </span>
     <span class='ocr_line' id='line_1_18' title="bbox 164 1880 1342 1952; baseline -0.002 -17"><span class='ocrx_word' id='word_1_126' title='bbox 164 1887 216 1935; x_wconf 77' lang='lat'>⁴49</span> <span class='ocrx_word' id='word_1_127' title='bbox 232 1899 290 1952; x_wconf 84' lang='lat' dir='ltr'>sqq.</span> <span class='ocrx_word' id='word_1_128' title='bbox 326 1882 428 1937; x_wconf 79' lang='lat' dir='ltr'>Similis</span> <span class='ocrx_word' id='word_1_129' title='bbox 458 1882 532 1936; x_wconf 91' lang='lat' dir='ltr'>locus</span> <span class='ocrx_word' id='word_1_130' title='bbox 562 1882 664 1950; x_wconf 88' lang='lat' dir='ltr'>legitur</span> <span class='ocrx_word' id='word_1_131' title='bbox 693 1897 735 1950; x_wconf 88' lang='lat' dir='ltr'>ap.</span> <span class='ocrx_word' id='word_1_132' title='bbox 753 1881 831 1936; x_wconf 70' lang='lat' dir='ltr'>ond.</span> <span class='ocrx_word' id='word_1_133' title='bbox 849 1881 915 1936; x_wconf 84' lang='lat' dir='ltr'>Met.</span> <span class='ocrx_word' id='word_1_134' title='bbox 931 1880 1004 1947; x_wconf 85' lang='lat' dir='ltr'>XIV,</span> <span class='ocrx_word' id='word_1_135' title='bbox 1023 1883 1073 1935; x_wconf 82' lang='grc'>358</span> <span class='ocrx_word' id='word_1_136' title='bbox 1091 1896 1166 1950; x_wconf 90' lang='lat' dir='ltr'>sqq.,</span> <span class='ocrx_word' id='word_1_137' title='bbox 1197 1880 1255 1948; x_wconf 87' lang='lat' dir='ltr'>nbi,</span> <span class='ocrx_word' id='word_1_138' title='bbox 1274 1895 1342 1950; x_wconf 87' lang='lat' dir='ltr'>quse</span> 
     </span>
     <span class='ocr_line' id='line_1_19' title="bbox 165 1949 1343 2018; baseline -0.002 -16"><span class='ocrx_word' id='word_1_139' title='bbox 165 1950 209 2003; x_wconf 88' lang='lat' dir='ltr'>hic</span> <span class='ocrx_word' id='word_1_140' title='bbox 226 1950 313 2003; x_wconf 76' lang='lat' dir='ltr'>terasia</span> <span class='ocrx_word' id='word_1_141' title='bbox 329 1953 388 2004; x_wconf 77' lang='lat' dir='ltr'>sine</span> <span class='ocrx_word' id='word_1_142' title='bbox 404 1951 510 2004; x_wconf 57' lang='lat' dir='ltr'>vintru</span> <span class='ocrx_word' id='word_1_143' title='bbox 525 1952 635 2013; x_wconf 77' lang='lat' dir='ltr'>ambra,</span> <span class='ocrx_word' id='word_1_144' title='bbox 667 1951 710 2002; x_wconf 85' lang='lat' dir='ltr'>eat</span> <span class='ocrx_word' id='word_1_145' title='bbox 733 1949 842 2018; x_wconf 74' lang='lat' dir='ltr'>effigies</span> <span class='ocrx_word' id='word_1_146' title='bbox 869 1949 947 2004; x_wconf 80' lang='lat' dir='ltr'>nullo</span> <span class='ocrx_word' id='word_1_147' title='bbox 976 1966 1035 2002; x_wconf 75' lang='lat' dir='ltr'>cram</span> <span class='ocrx_word' id='word_1_148' title='bbox 1064 1967 1080 2001; x_wconf 92' lang='lat' dir='ltr'>c</span> <span class='ocrx_word' id='word_1_149' title='bbox 1134 1963 1190 2002; x_wconf 81' lang='lat' dir='ltr'>ore.</span> <span class='ocrx_word' id='word_1_150' title='bbox 1226 1949 1343 2001; x_wconf 81' lang='lat' dir='ltr'>Constat</span> 
     </span>
     <span class='ocr_line' id='line_1_20' title="bbox 165 2015 1342 2086; baseline -0.003 -15"><span class='ocrx_word' id='word_1_151' title='bbox 165 2020 257 2071; x_wconf 85' lang='lat' dir='ltr'>autem</span> <span class='ocrx_word' id='word_1_152' title='bbox 275 2033 366 2071; x_wconf 85' lang='lat' dir='ltr'>vocem</span> <span class='ocrx_word' id='word_1_153' title='bbox 396 2019 456 2072; x_wconf 80' lang='lat' dir='ltr'>sine</span> <span class='ocrx_word' id='word_1_154' title='bbox 484 2033 542 2071; x_wconf 86' lang='lat' dir='ltr'>esse</span> <span class='ocrx_word' id='word_1_155' title='bbox 559 2018 631 2072; x_wconf 92' lang='lat' dir='ltr'>inter</span> <span class='ocrx_word' id='word_1_156' title='bbox 660 2031 706 2070; x_wconf 86' lang='lat' dir='ltr'>ess</span> <span class='ocrx_word' id='word_1_157' title='bbox 723 2016 951 2086; x_wconf 75' lang='lat' dir='ltr'>Praepositiones,</span> <span class='ocrx_word' id='word_1_158' title='bbox 983 2016 1079 2086; x_wconf 88' lang='lat' dir='ltr'>quibus</span> <span class='ocrx_word' id='word_1_159' title='bbox 1137 2015 1211 2069; x_wconf 87' lang='lat' dir='ltr'>muni</span> <span class='ocrx_word' id='word_1_160' title='bbox 1229 2015 1342 2069; x_wconf 84' lang='lat' dir='ltr'>liberius</span> 
     </span>
     <span class='ocr_line' id='line_1_21' title="bbox 165 2083 1342 2152; baseline -0.003 -14"><span class='ocrx_word' id='word_1_161' title='bbox 165 2088 289 2145; x_wconf 89' lang='lat' dir='ltr'>utantur,</span> <span class='ocrx_word' id='word_1_162' title='bbox 307 2085 347 2138; x_wconf 84' lang='lat' dir='ltr'>ita</span> <span class='ocrx_word' id='word_1_163' title='bbox 362 2090 395 2139; x_wconf 91' lang='lat' dir='ltr'>ut</span> <span class='ocrx_word' id='word_1_164' title='bbox 412 2084 485 2139; x_wconf 91' lang='lat' dir='ltr'>haud</span> <span class='ocrx_word' id='word_1_165' title='bbox 502 2101 564 2139; x_wconf 90' lang='lat' dir='ltr'>raro</span> <span class='ocrx_word' id='word_1_166' title='bbox 593 2100 610 2138; x_wconf 92' lang='lat' dir='ltr'>a</span> <span class='ocrx_word' id='word_1_167' title='bbox 640 2083 758 2152; x_wconf 84' lang='lat' dir='ltr'>simplici</span> <span class='ocrx_word' id='word_1_168' title='bbox 776 2084 951 2139; x_wconf 75' lang='lat' dir='ltr'>substantivo</span> <span class='ocrx_word' id='word_1_169' title='bbox 983 2098 1113 2152; x_wconf 89' lang='lat' dir='ltr'>suspensa</span> <span class='ocrx_word' id='word_1_170' title='bbox 1134 2099 1195 2137; x_wconf 88' lang='lat' dir='ltr'>cnm</span> <span class='ocrx_word' id='word_1_171' title='bbox 1213 2083 1342 2137; x_wconf 77' lang='lat' dir='ltr'>Ablatiro</span> 
     </span>
     <span class='ocr_line' id='line_1_22' title="bbox 165 2150 1341 2222; baseline 0 -16"><span class='ocrx_word' id='word_1_172' title='bbox 165 2167 215 2207; x_wconf 89' lang='lat' dir='ltr'>suo</span> <span class='ocrx_word' id='word_1_173' title='bbox 232 2152 402 2206; x_wconf 82' lang='lat' dir='ltr'>Adiectirum</span> <span class='ocrx_word' id='word_1_174' title='bbox 429 2152 537 2222; x_wconf 81' lang='lat' dir='ltr'>aliquod</span> <span class='ocrx_word' id='word_1_175' title='bbox 569 2152 611 2207; x_wconf 86' lang='lat' dir='ltr'>vel</span> <span class='ocrx_word' id='word_1_176' title='bbox 636 2151 740 2206; x_wconf 87' lang='lat' dir='ltr'>Psrtici</span> <span class='ocrx_word' id='word_1_177' title='bbox 760 2151 816 2204; x_wconf 90' lang='lat' dir='ltr'>ium</span> <span class='ocrx_word' id='word_1_178' title='bbox 843 2151 1052 2206; x_wconf 86' lang='lat' dir='ltr'>circumscribat.</span> <span class='ocrx_word' id='word_1_179' title='bbox 1088 2150 1131 2205; x_wconf 81' lang='lat' dir='ltr'>cf.</span> <span class='ocrx_word' id='word_1_180' title='bbox 1148 2151 1217 2204; x_wconf 80' lang='lat' dir='ltr'>Aen.</span> <span class='ocrx_word' id='word_1_181' title='bbox 1235 2150 1262 2214; x_wconf 90' lang='lat'>1,</span> <span class='ocrx_word' id='word_1_182' title='bbox 1283 2153 1341 2206; x_wconf 77' lang='grc'><strong>279.</strong></span> 
     </span>
     <span class='ocr_line' id='line_1_23' title="bbox 165 2218 1343 2288; baseline -0.002 -15"><span class='ocrx_word' id='word_1_183' title='bbox 165 2219 212 2283; x_wconf 83' lang='grc' dir='ltr'>Ν,</span> <span class='ocrx_word' id='word_1_184' title='bbox 231 2222 288 2273; x_wconf 77' lang='lat'>588.</span> <span class='ocrx_word' id='word_1_185' title='bbox 309 2220 357 2288; x_wconf 85' lang='lat' dir='ltr'>VI,</span> <span class='ocrx_word' id='word_1_186' title='bbox 376 2224 435 2274; x_wconf 79' lang='lat'>534.</span> <span class='ocrx_word' id='word_1_187' title='bbox 456 2224 513 2273; x_wconf 93' lang='grc'><strong>777.</strong></span> <span class='ocrx_word' id='word_1_188' title='bbox 532 2219 566 2283; x_wconf 82' lang='grc' dir='ltr'>Χ,</span> <span class='ocrx_word' id='word_1_189' title='bbox 585 2223 642 2275; x_wconf 76' lang='grc'><strong>640.</strong></span> <span class='ocrx_word' id='word_1_190' title='bbox 663 2218 717 2276; x_wconf 87' lang='lat' dir='ltr'>Cic.</span> <span class='ocrx_word' id='word_1_191' title='bbox 777 2234 813 2273; x_wconf 90' lang='lat' dir='ltr'>sc.</span> <span class='ocrx_word' id='word_1_192' title='bbox 830 2219 867 2285; x_wconf 89' lang='grc' dir='ltr'>Π,</span> <span class='ocrx_word' id='word_1_193' title='bbox 888 2225 912 2286; x_wconf 82' lang='grc'>3,</span> <span class='ocrx_word' id='word_1_194' title='bbox 931 2224 954 2274; x_wconf 94' lang='grc'><strong>7.</strong></span> <span class='ocrx_word' id='word_1_195' title='bbox 978 2219 1058 2272; x_wconf 83' lang='lat' dir='ltr'>lectio</span> <span class='ocrx_word' id='word_1_196' title='bbox 1081 2219 1139 2271; x_wconf 82' lang='lat' dir='ltr'>eine</span> <span class='ocrx_word' id='word_1_197' title='bbox 1155 2220 1343 2279; x_wconf 64' lang='lat' dir='ltr'>calamam,</span> 
     </span>
     <span class='ocr_line' id='line_1_24' title="bbox 165 2285 1342 2358; baseline -0.003 -17"><span class='ocrx_word' id='word_1_198' title='bbox 165 2287 238 2341; x_wconf 83' lang='lat' dir='ltr'>Stat.</span> <span class='ocrx_word' id='word_1_199' title='bbox 257 2287 372 2342; x_wconf 75' lang='lat' dir='ltr'>meni</span> <span class='ocrx_word' id='word_1_200' title='bbox 400 2291 458 2342; x_wconf 77' lang='lat'>237.</span> <span class='ocrx_word' id='word_1_201' title='bbox 482 2289 600 2358; x_wconf 78' lang='lat' dir='ltr'>focinus</span> <span class='ocrx_word' id='word_1_202' title='bbox 628 2288 686 2341; x_wconf 76' lang='lat' dir='ltr'>seire</span> <span class='ocrx_word' id='word_1_203' title='bbox 708 2304 785 2341; x_wconf 82' lang='lat' dir='ltr'>more</span> <span class='ocrx_word' id='word_1_204' title='bbox 801 2288 854 2341; x_wconf 84' lang='lat' dir='ltr'>etc.</span> <span class='ocrx_word' id='word_1_205' title='bbox 873 2304 933 2341; x_wconf 90' lang='lat' dir='ltr'>cum</span> <span class='ocrx_word' id='word_1_206' title='bbox 951 2287 1054 2341; x_wconf 91' lang='lat' dir='ltr'>adnott.</span> <span class='ocrx_word' id='word_1_207' title='bbox 1083 2286 1118 2340; x_wconf 85' lang='lat' dir='ltr'>ad</span> <span class='ocrx_word' id='word_1_208' title='bbox 1136 2285 1201 2340; x_wconf 78' lang='lat' dir='ltr'>(leo.</span> <span class='ocrx_word' id='word_1_209' title='bbox 1227 2286 1264 2351; x_wconf 87' lang='lat'>11,</span> <span class='ocrx_word' id='word_1_210' title='bbox 1284 2288 1342 2340; x_wconf 70' lang='lat'>243.</span> 
     </span>
     <span class='ocr_line' id='line_1_25' title="bbox 164 2328 1343 2423; baseline -0.003 -15"><span class='ocrx_word' id='word_1_211' title='bbox 164 2355 230 2408; x_wconf 82' lang='lat' dir='ltr'>Aen.</span> <span class='ocrx_word' id='word_1_212' title='bbox 251 2354 273 2423; x_wconf 90' lang='lat'>1,</span> <span class='ocrx_word' id='word_1_213' title='bbox 293 2360 348 2410; x_wconf 84' lang='lat'>160.</span> <span class='ocrx_word' id='word_1_214' title='bbox 367 2328 419 2417; x_wconf 92' lang='lat' dir='ltr'>lII,</span> <span class='ocrx_word' id='word_1_215' title='bbox 437 2359 494 2410; x_wconf 78' lang='lat'>595.</span> <span class='ocrx_word' id='word_1_216' title='bbox 514 2356 544 2420; x_wconf 90' lang='lat' dir='ltr'>V,</span> <span class='ocrx_word' id='word_1_217' title='bbox 564 2359 604 2411; x_wconf 91' lang='grc'>37,</span> <span class='ocrx_word' id='word_1_218' title='bbox 624 2355 660 2412; x_wconf 88' lang='lat' dir='ltr'>al.</span> <span class='ocrx_word' id='word_1_219' title='bbox 678 2354 804 2409; x_wconf 80' lang='lat' dir='ltr'>Ceterum</span> <span class='ocrx_word' id='word_1_220' title='bbox 821 2354 924 2410; x_wconf 77' lang='lat' dir='ltr'>Peerlk</span> <span class='ocrx_word' id='word_1_221' title='bbox 942 2355 1058 2419; x_wconf 83' lang='lat' dir='ltr'>fatetur,</span> <span class='ocrx_word' id='word_1_222' title='bbox 1081 2354 1106 2407; x_wconf 93' lang='lat' dir='ltr'>si</span> <span class='ocrx_word' id='word_1_223' title='bbox 1123 2352 1151 2405; x_wconf 90' lang='lat' dir='ltr'>in</span> <span class='ocrx_word' id='word_1_224' title='bbox 1168 2352 1233 2408; x_wconf 84' lang='lat' dir='ltr'>Cod.</span> <span class='ocrx_word' id='word_1_225' title='bbox 1251 2353 1343 2423; x_wconf 84' lang='lat' dir='ltr'>aliquo</span> 
     </span>
     <span class='ocr_line' id='line_1_26' title="bbox 164 2421 1343 2544; baseline -0.003 -68"><span class='ocrx_word' id='word_1_226' title='bbox 164 2423 251 2477; x_wconf 87' lang='lat' dir='ltr'>bonae</span> <span class='ocrx_word' id='word_1_227' title='bbox 266 2426 349 2478; x_wconf 90' lang='lat' dir='ltr'>notae</span> <span class='ocrx_word' id='word_1_228' title='bbox 365 2424 501 2492; x_wconf 88' lang='lat' dir='ltr'>legeretur</span> <span class='ocrx_word' id='word_1_229' title='bbox 519 2430 576 2477; x_wconf 73' lang='lat' dir='ltr'>tren</span> <span class='ocrx_word' id='word_1_230' title='bbox 593 2426 628 2477; x_wconf 83' lang='lat' dir='ltr'>dc</span> <span class='ocrx_word' id='word_1_231' title='bbox 643 2424 714 2477; x_wconf 84' lang='lat' dir='ltr'>nabe</span> <span class='ocrx_word' id='word_1_232' title='bbox 725 2441 803 2487; x_wconf 84' lang='lat' dir='ltr'>caea,</span> <span class='ocrx_word' id='word_1_233' title='bbox 822 2421 872 2476; x_wconf 92' lang='lat' dir='ltr'>hoc</span> <span class='ocrx_word' id='word_1_234' title='bbox 889 2439 918 2476; x_wconf 88' lang='lat' dir='ltr'>se</span> <span class='ocrx_word' id='word_1_235' title='bbox 929 2423 1117 2544; x_wconf 55' lang='lat' dir='ltr'>praeliaturum</span> <span class='ocrx_word' id='word_1_236' title='bbox 1135 2436 1203 2476; x_wconf 84' lang='lat' dir='ltr'>esse.</span> <span class='ocrx_word' id='word_1_237' title='bbox 1215 2450 1248 2461; x_wconf 92' lang='lat'>-—</span> <span class='ocrx_word' id='word_1_238' title='bbox 1259 2423 1343 2474; x_wconf 75' lang='lat' dir='ltr'>sabe</span> 
     </span>
     <span class='ocr_line' id='line_1_27' title="bbox 165 2486 1342 2563; baseline -0.003 -19"><span class='ocrx_word' id='word_1_239' title='bbox 165 2509 246 2544; x_wconf 82' lang='lat' dir='ltr'>caca</span> <span class='ocrx_word' id='word_1_240' title='bbox 275 2495 317 2543; x_wconf 87' lang='lat' dir='ltr'>est</span> <span class='ocrx_word' id='word_1_241' title='bbox 334 2491 425 2546; x_wconf 81' lang='lat' dir='ltr'>Ablat.</span> <span class='ocrx_word' id='word_1_242' title='bbox 444 2491 587 2545; x_wconf 83' lang='lat' dir='ltr'>materiam</span> <span class='ocrx_word' id='word_1_243' title='bbox 604 2490 733 2546; x_wconf 86' lang='lat' dir='ltr'>indicans.</span> <span class='ocrx_word' id='word_1_244' title='bbox 770 2491 896 2545; x_wconf 84' lang='lat' dir='ltr'>Ceterum</span> <span class='ocrx_word' id='word_1_245' title='bbox 914 2490 1051 2558; x_wconf 84' lang='lat' dir='ltr'>c.1,516.</span> <span class='ocrx_word' id='word_1_246' title='bbox 1068 2489 1176 2554; x_wconf 82' lang='lat' dir='ltr'>11,³su</span> <span class='ocrx_word' id='word_1_247' title='bbox 1193 2486 1342 2563; x_wconf 71' lang='lat' dir='ltr'>etV,810.</span> 
     </span>
     <span class='ocr_line' id='line_1_28' title="bbox 164 2557 1341 2626; baseline -0.001 -16"><span class='ocrx_word' id='word_1_248' title='bbox 164 2587 196 2597; x_wconf 91' lang='grc'><strong>-</strong></span> <span class='ocrx_word' id='word_1_249' title='bbox 217 2567 320 2610; x_wconf 74' lang='lat' dir='ltr'>tenuem</span> <span class='ocrx_word' id='word_1_250' title='bbox 337 2560 396 2612; x_wconf 77' lang='lat' dir='ltr'>sirie</span> <span class='ocrx_word' id='word_1_251' title='bbox 413 2560 519 2612; x_wconf 63' lang='lat' dir='ltr'>uiribus</span> <span class='ocrx_word' id='word_1_252' title='bbox 534 2560 665 2613; x_wconf 58' lang='lat' dir='ltr'>anathom.</span> <span class='ocrx_word' id='word_1_253' title='bbox 699 2558 892 2626; x_wconf 76' lang='lat' dir='ltr'>cf.V1‚292,</span> <span class='ocrx_word' id='word_1_254' title='bbox 923 2567 1014 2612; x_wconf 71' lang='lat' dir='ltr'>tornes</span> <span class='ocrx_word' id='word_1_255' title='bbox 1039 2558 1097 2610; x_wconf 78' lang='lat' dir='ltr'>aine</span> <span class='ocrx_word' id='word_1_256' title='bbox 1226 2573 1241 2610; x_wconf 85' lang='lat' dir='ltr'>c</span> <span class='ocrx_word' id='word_1_257' title='bbox 1262 2557 1341 2610; x_wconf 67' lang='lat' dir='ltr'>vias</span> 
     </span>
     <span class='ocr_line' id='line_1_29' title="bbox 165 2622 1342 2697; baseline -0.001 -20"><span class='ocrx_word' id='word_1_258' title='bbox 165 2624 249 2678; x_wconf 83' lang='lat' dir='ltr'>Conin</span> <span class='ocrx_word' id='word_1_259' title='bbox 300 2643 318 2679; x_wconf 91' lang='lat' dir='ltr'>u</span> <span class='ocrx_word' id='word_1_260' title='bbox 347 2628 486 2696; x_wconf 78' lang='lat' dir='ltr'>campumt</span> <span class='ocrx_word' id='word_1_261' title='bbox 503 2625 705 2695; x_wconf 74' lang='grc' dir='ltr'>ὀλιγοδρανίαν</span> <span class='ocrx_word' id='word_1_262' title='bbox 735 2622 835 2679; x_wconf 71' lang='grc' dir='ltr'><strong><em>ἄκικυν</em></strong></span> <span class='ocrx_word' id='word_1_263' title='bbox 864 2624 1006 2697; x_wconf 75' lang='grc' dir='ltr'><strong><em>ἰσόνειρον</em></strong></span> <span class='ocrx_word' id='word_1_264' title='bbox 1028 2623 1155 2693; x_wconf 76' lang='lat' dir='ltr'>Aeschyli</span> <span class='ocrx_word' id='word_1_265' title='bbox 1196 2640 1263 2677; x_wconf 87' lang='lat' dir='ltr'>rom.</span> <span class='ocrx_word' id='word_1_266' title='bbox 1284 2628 1342 2677; x_wconf 78' lang='grc'><strong>547.</strong></span> 
     </span>
     <span class='ocr_line' id='line_1_30' title="bbox 165 2691 1342 2764; baseline -0.008 -13"><span class='ocrx_word' id='word_1_267' title='bbox 165 2723 198 2731; x_wconf 87' lang='grc'><strong>-</strong></span> <span class='ocrx_word' id='word_1_268' title='bbox 216 2692 253 2751; x_wconf 81' lang='grc'>63</span> <span class='ocrx_word' id='word_1_269' title='bbox 275 2731 282 2745; x_wconf 91' lang='grc'><strong>.</strong></span> <span class='ocrx_word' id='word_1_270' title='bbox 300 2693 338 2746; x_wconf 83' lang='grc' dir='ltr'>Ινι</span> <span class='ocrx_word' id='word_1_271' title='bbox 350 2696 481 2764; x_wconf 79' lang='lat' dir='ltr'>faciem</span> <span class='ocrx_word' id='word_1_272' title='bbox 500 2694 631 2746; x_wconf 79' lang='lat' dir='ltr'>Aeneae</span> <span class='ocrx_word' id='word_1_273' title='bbox 647 2692 878 2747; x_wconf 84' lang='lat' dir='ltr'>breviterdietum</span> <span class='ocrx_word' id='word_1_274' title='bbox 898 2710 959 2762; x_wconf 90' lang='lat' dir='ltr'>pro:</span> <span class='ocrx_word' id='word_1_275' title='bbox 977 2692 1173 2746; x_wconf 79' lang='lat' dir='ltr'>conformatam</span> <span class='ocrx_word' id='word_1_276' title='bbox 1190 2691 1219 2744; x_wconf 92' lang='lat' dir='ltr'>in</span> <span class='ocrx_word' id='word_1_277' title='bbox 1237 2692 1342 2745; x_wconf 85' lang='lat' dir='ltr'>faciem.</span> 
     </span>
     <span class='ocr_line' id='line_1_31' title="bbox 165 2759 1344 2829; baseline -0.002 -17"><span class='ocrx_word' id='word_1_278' title='bbox 165 2759 225 2813; x_wconf 89' lang='lat' dir='ltr'>Vid.</span> <span class='ocrx_word' id='word_1_279' title='bbox 239 2761 273 2820; x_wconf 91' lang='lat' dir='ltr'>ad</span> <span class='ocrx_word' id='word_1_280' title='bbox 285 2759 458 2823; x_wconf 61' lang='lat' dir='ltr'>sennan.</span> <span class='ocrx_word' id='word_1_281' title='bbox 472 2790 505 2799; x_wconf 89' lang='lat'>—</span> <span class='ocrx_word' id='word_1_282' title='bbox 519 2761 592 2814; x_wconf 79' lang='lat' dir='ltr'>visa</span> <span class='ocrx_word' id='word_1_283' title='bbox 602 2761 759 2814; x_wconf 80' lang='lat' dir='ltr'>mirabile</span> <span class='ocrx_word' id='word_1_284' title='bbox 771 2767 960 2815; x_wconf 79' lang='lat' dir='ltr'>monstrum.</span> <span class='ocrx_word' id='word_1_285' title='bbox 980 2759 1132 2829; x_wconf 80' lang='lat' dir='ltr'>Conington</span> <span class='ocrx_word' id='word_1_286' title='bbox 1144 2759 1260 2812; x_wconf 82' lang='lat' dir='ltr'>conferri</span> <span class='ocrx_word' id='word_1_287' title='bbox 1270 2759 1344 2811; x_wconf 88' lang='lat' dir='ltr'>iubet</span> 
     </span>
     <span class='ocr_line' id='line_1_32' title="bbox 166 2825 1342 2896; baseline -0.001 -17"><span class='ocrx_word' id='word_1_288' title='bbox 166 2826 267 2880; x_wconf 88' lang='lat' dir='ltr'>similes</span> <span class='ocrx_word' id='word_1_289' title='bbox 279 2827 462 2896; x_wconf 86' lang='lat' dir='ltr'>appositiones</span> <span class='ocrx_word' id='word_1_290' title='bbox 474 2827 522 2891; x_wconf 89' lang='lat' dir='ltr'>VI,</span> <span class='ocrx_word' id='word_1_291' title='bbox 535 2831 593 2882; x_wconf 82' lang='lat'>223.</span> <span class='ocrx_word' id='word_1_292' title='bbox 601 2826 678 2895; x_wconf 89' lang='lat' dir='ltr'>VIII,</span> <span class='ocrx_word' id='word_1_293' title='bbox 690 2831 749 2881; x_wconf 78' lang='grc'><strong>487.</strong></span> <span class='ocrx_word' id='word_1_294' title='bbox 762 2826 869 2888; x_wconf 73' lang='grc'>-638</span> <span class='ocrx_word' id='word_1_295' title='bbox 880 2829 1073 2882; x_wconf 79' lang='lat' dir='ltr'>Dardaniis</span> <span class='ocrx_word' id='word_1_296' title='bbox 1084 2827 1171 2881; x_wconf 76' lang='lat' dir='ltr'>tetis.</span> <span class='ocrx_word' id='word_1_297' title='bbox 1191 2826 1234 2880; x_wconf 81' lang='lat' dir='ltr'>of.</span> <span class='ocrx_word' id='word_1_298' title='bbox 1248 2825 1342 2893; x_wconf 75' lang='lat' dir='ltr'>VI‚57.</span> 
     </span>
     <span class='ocr_line' id='line_1_33' title="bbox 166 2894 1343 2966; baseline -0.002 -19"><span class='ocrx_word' id='word_1_299' title='bbox 166 2895 309 2948; x_wconf 74' lang='lat' dir='ltr'>Dnrcdznu</span> <span class='ocrx_word' id='word_1_300' title='bbox 324 2894 442 2948; x_wconf 67' lang='lat' dir='ltr'>Paridis</span> <span class='ocrx_word' id='word_1_301' title='bbox 460 2896 522 2948; x_wconf 74' lang='lat' dir='ltr'>tela.</span> <span class='ocrx_word' id='word_1_302' title='bbox 558 2896 685 2949; x_wconf 83' lang='lat' dir='ltr'>Ceterum</span> <span class='ocrx_word' id='word_1_303' title='bbox 702 2897 783 2950; x_wconf 78' lang='lat' dir='ltr'>telis</span> <span class='ocrx_word' id='word_1_304' title='bbox 818 2895 880 2948; x_wconf 87' lang='lat' dir='ltr'>aulo</span> <span class='ocrx_word' id='word_1_305' title='bbox 893 2895 984 2949; x_wconf 91' lang='lat' dir='ltr'>durius</span> <span class='ocrx_word' id='word_1_306' title='bbox 1000 2912 1049 2966; x_wconf 87' lang='lat' dir='ltr'>pro</span> <span class='ocrx_word' id='word_1_307' title='bbox 1065 2895 1152 2949; x_wconf 69' lang='lat' dir='ltr'>annai</span> <span class='ocrx_word' id='word_1_308' title='bbox 1182 2894 1292 2948; x_wconf 85' lang='lat' dir='ltr'>ositum.</span> <span class='ocrx_word' id='word_1_309' title='bbox 1312 2894 1343 2947; x_wconf 92' lang='lat' dir='ltr'>In</span> 
     </span>
     <span class='ocr_line' id='line_1_34' title="bbox 165 2912 1345 3033; baseline -0.002 -18"><span class='ocrx_word' id='word_1_310' title='bbox 165 2961 230 3018; x_wconf 75' lang='lat' dir='ltr'>(iod.</span> <span class='ocrx_word' id='word_1_311' title='bbox 245 2962 355 3017; x_wconf 80' lang='lat' dir='ltr'>Dorvill.</span> <span class='ocrx_word' id='word_1_312' title='bbox 387 2979 417 3016; x_wconf 90' lang='lat' dir='ltr'>ro</span> <span class='ocrx_word' id='word_1_313' title='bbox 430 2970 512 3017; x_wconf 82' lang='lat' dir='ltr'>ornat</span> <span class='ocrx_word' id='word_1_314' title='bbox 525 2963 623 3031; x_wconf 74' lang='lat' dir='ltr'>legItur</span> <span class='ocrx_word' id='word_1_315' title='bbox 636 2970 735 3031; x_wconf 78' lang='lat' dir='ltr'>arnwt,</span> <span class='ocrx_word' id='word_1_316' title='bbox 747 2912 818 3033; x_wconf 72' lang='lat' dir='ltr'>quod</span> <span class='ocrx_word' id='word_1_317' title='bbox 830 2978 894 3017; x_wconf 89' lang='lat' dir='ltr'>sane</span> <span class='ocrx_word' id='word_1_318' title='bbox 906 2965 993 3031; x_wconf 86' lang='lat' dir='ltr'>magis</span> <span class='ocrx_word' id='word_1_319' title='bbox 1005 2964 1128 3017; x_wconf 81' lang='lat' dir='ltr'>convenit</span> <span class='ocrx_word' id='word_1_320' title='bbox 1139 2969 1150 3014; x_wconf 90' lang='lat' dir='ltr'>t</span> <span class='ocrx_word' id='word_1_321' title='bbox 1176 2964 1209 3016; x_wconf 78' lang='lat' dir='ltr'>is.</span> <span class='ocrx_word' id='word_1_322' title='bbox 1239 2961 1292 3017; x_wconf 83' lang='lat' dir='ltr'>Sed</span> <span class='ocrx_word' id='word_1_323' title='bbox 1304 2961 1345 3013; x_wconf 91' lang='lat' dir='ltr'>in-</span> 
     </span>
     <span class='ocr_line' id='line_1_35' title="bbox 166 3028 1344 3099; baseline -0.001 -16"><span class='ocrx_word' id='word_1_324' title='bbox 166 3031 231 3084; x_wconf 84' lang='lat' dir='ltr'>vitis</span> <span class='ocrx_word' id='word_1_325' title='bbox 247 3030 367 3085; x_wconf 65' lang='lat' dir='ltr'>(loddn</span> <span class='ocrx_word' id='word_1_326' title='bbox 397 3031 417 3084; x_wconf 94' lang='lat' dir='ltr'>il</span> <span class='ocrx_word' id='word_1_327' title='bbox 434 3030 605 3086; x_wconf 88' lang='lat' dir='ltr'>mutandum.</span> <span class='ocrx_word' id='word_1_328' title='bbox 625 3061 658 3070; x_wconf 93' lang='grc'><strong>-</strong></span> <span class='ocrx_word' id='word_1_329' title='bbox 675 3032 788 3095; x_wconf 79' lang='lat' dir='ltr'>iubas,</span> <span class='ocrx_word' id='word_1_330' title='bbox 818 3029 925 3099; x_wconf 87' lang='lat' dir='ltr'>galeam</span> <span class='ocrx_word' id='word_1_331' title='bbox 944 3048 1005 3085; x_wconf 88' lang='lat' dir='ltr'>curn</span> <span class='ocrx_word' id='word_1_332' title='bbox 1023 3031 1115 3085; x_wconf 88' lang='lat' dir='ltr'>crista.</span> <span class='ocrx_word' id='word_1_333' title='bbox 1149 3030 1210 3085; x_wconf 91' lang='lat' dir='ltr'>Vid.</span> <span class='ocrx_word' id='word_1_334' title='bbox 1229 3029 1265 3083; x_wconf 92' lang='lat' dir='ltr'>ad</span> <span class='ocrx_word' id='word_1_335' title='bbox 1283 3028 1344 3094; x_wconf 88' lang='lat' dir='ltr'>Vll,</span> 
     </span>
     <span class='ocr_line' id='line_1_36' title="bbox 167 3096 1347 3170; baseline -0.002 -19"><span class='ocrx_word' id='word_1_336' title='bbox 167 3101 223 3151; x_wconf 77' lang='grc'><strong>785.</strong></span> <span class='ocrx_word' id='word_1_337' title='bbox 243 3128 273 3138; x_wconf 88' lang='grc'>-</span> <span class='ocrx_word' id='word_1_338' title='bbox 292 3097 649 3170; x_wconf 72' lang='grc' dir='ltr'>639.’ἀνύν“ην“οαρίιίε,·</span> <span class='ocrx_word' id='word_1_339' title='bbox 685 3099 749 3169; x_wconf 88' lang='lat' dir='ltr'>quia</span> <span class='ocrx_word' id='word_1_340' title='bbox 764 3099 868 3152; x_wconf 82' lang='lat' dir='ltr'>Aeneas</span> <span class='ocrx_word' id='word_1_341' title='bbox 891 3102 934 3153; x_wconf 85' lang='lat' dir='ltr'>est</span> <span class='ocrx_word' id='word_1_342' title='bbox 951 3099 1062 3153; x_wconf 90' lang='lat' dir='ltr'>Veneris</span> <span class='ocrx_word' id='word_1_343' title='bbox 1082 3098 1168 3159; x_wconf 89' lang='lat' dir='ltr'>filius,</span> <span class='ocrx_word' id='word_1_344' title='bbox 1198 3096 1270 3151; x_wconf 87' lang='lat' dir='ltr'>uude</span> <span class='ocrx_word' id='word_1_345' title='bbox 1299 3098 1347 3148; x_wconf 76' lang='lat' dir='ltr'>dia</span> 
     </span>
     <span class='ocr_line' id='line_1_37' title="bbox 164 3165 1346 3236; baseline -0.002 -17"><span class='ocrx_word' id='word_1_346' title='bbox 164 3167 264 3234; x_wconf 71' lang='lat' dir='ltr'>genitis</span> <span class='ocrx_word' id='word_1_347' title='bbox 281 3169 346 3221; x_wconf 88' lang='lat' dir='ltr'>cett.</span> <span class='ocrx_word' id='word_1_348' title='bbox 366 3197 399 3206; x_wconf 89' lang='lat'>—</span> <span class='ocrx_word' id='word_1_349' title='bbox 417 3168 519 3221; x_wconf 79' lang='lat' dir='ltr'>inani</span> <span class='ocrx_word' id='word_1_350' title='bbox 524 3186 543 3220; x_wconf 90' lang='lat' dir='ltr'>a</span> <span class='ocrx_word' id='word_1_351' title='bbox 559 3169 661 3221; x_wconf 81' lang='lat' dir='ltr'>verba</span> <span class='ocrx_word' id='word_1_352' title='bbox 679 3169 759 3236; x_wconf 87' lang='lat' dir='ltr'>poeta</span> <span class='ocrx_word' id='word_1_353' title='bbox 770 3166 827 3236; x_wconf 89' lang='lat' dir='ltr'>ipse</span> <span class='ocrx_word' id='word_1_354' title='bbox 845 3166 961 3236; x_wconf 86' lang='lat' dir='ltr'>explicat</span> <span class='ocrx_word' id='word_1_355' title='bbox 972 3165 1074 3220; x_wconf 84' lang='lat' dir='ltr'>additis</span> <span class='ocrx_word' id='word_1_356' title='bbox 1086 3165 1175 3221; x_wconf 80' lang='lat' dir='ltr'>verbis</span> <span class='ocrx_word' id='word_1_357' title='bbox 1188 3167 1248 3218; x_wconf 81' lang='lat' dir='ltr'>sine</span> <span class='ocrx_word' id='word_1_358' title='bbox 1260 3171 1346 3217; x_wconf 59' lang='lat' dir='ltr'>mena</span> 
     </span>
     <span class='ocr_line' id='line_1_38' title="bbox 165 3232 1346 3316; baseline -0.002 -30"><span class='ocrx_word' id='word_1_359' title='bbox 165 3252 269 3288; x_wconf 82' lang='lat' dir='ltr'>sonum.</span> <span class='ocrx_word' id='word_1_360' title='bbox 305 3234 433 3303; x_wconf 85' lang='lat' dir='ltr'>Intellige</span> <span class='ocrx_word' id='word_1_361' title='bbox 449 3252 539 3289; x_wconf 88' lang='lat' dir='ltr'>meros</span> <span class='ocrx_word' id='word_1_362' title='bbox 557 3251 635 3289; x_wconf 89' lang='lat' dir='ltr'>sonos</span> <span class='ocrx_word' id='word_1_363' title='bbox 654 3235 808 3301; x_wconf 86' lang='lat' dir='ltr'>verborum,</span> <span class='ocrx_word' id='word_1_364' title='bbox 838 3251 951 3316; x_wconf 77' lang='lat' dir='ltr'>quorum</span> <span class='ocrx_word' id='word_1_365' title='bbox 981 3249 1088 3288; x_wconf 90' lang='lat' dir='ltr'>sensum</span> <span class='ocrx_word' id='word_1_366' title='bbox 1106 3239 1212 3288; x_wconf 85' lang='lat' dir='ltr'>Aeneae</span> <span class='ocrx_word' id='word_1_367' title='bbox 1242 3232 1346 3301; x_wconf 82' lang='lat' dir='ltr'>effigies</span> 
     </span>
     <span class='ocr_line' id='line_1_39' title="bbox 166 3301 1346 3381; baseline -0.003 -26"><span class='ocrx_word' id='word_1_368' title='bbox 166 3318 218 3355; x_wconf 91' lang='lat' dir='ltr'>non</span> <span class='ocrx_word' id='word_1_369' title='bbox 234 3304 328 3381; x_wconf 74' lang='lat' dir='ltr'>potest</span> <span class='ocrx_word' id='word_1_370' title='bbox 344 3302 503 3372; x_wconf 85' lang='lat' dir='ltr'>perspicere.</span> <span class='ocrx_word' id='word_1_371' title='bbox 538 3303 608 3356; x_wconf 85' lang='lat' dir='ltr'>hlira</span> <span class='ocrx_word' id='word_1_372' title='bbox 626 3306 669 3356; x_wconf 87' lang='lat' dir='ltr'>est</span> <span class='ocrx_word' id='word_1_373' title='bbox 686 3301 875 3372; x_wconf 79' lang='lat' dir='ltr'>Peerlkampri,</span> <span class='ocrx_word' id='word_1_374' title='bbox 906 3303 952 3371; x_wconf 88' lang='lat' dir='ltr'>qui</span> <span class='ocrx_word' id='word_1_375' title='bbox 968 3302 1050 3355; x_wconf 87' lang='lat' dir='ltr'>rerba</span> <span class='ocrx_word' id='word_1_376' title='bbox 1069 3304 1121 3356; x_wconf 80' lang='lat' dir='ltr'>dot</span> <span class='ocrx_word' id='word_1_377' title='bbox 1145 3301 1244 3354; x_wconf 66' lang='lat' dir='ltr'>amnia</span> <span class='ocrx_word' id='word_1_378' title='bbox 1260 3301 1346 3353; x_wconf 73' lang='lat' dir='ltr'>verim</span> 
     </span>
     <span class='ocr_line' id='line_1_40' title="bbox 166 3367 1347 3438; baseline -0.003 -16"><span class='ocrx_word' id='word_1_379' title='bbox 166 3385 259 3438; x_wconf 85' lang='lat' dir='ltr'>spuria</span> <span class='ocrx_word' id='word_1_380' title='bbox 276 3374 376 3438; x_wconf 79' lang='lat' dir='ltr'>censet,</span> <span class='ocrx_word' id='word_1_381' title='bbox 395 3369 550 3424; x_wconf 88' lang='lat' dir='ltr'>adnotatio:</span> <span class='ocrx_word' id='word_1_382' title='bbox 571 3370 685 3434; x_wconf 84' lang='lat' dir='ltr'>‚,Verba</span> <span class='ocrx_word' id='word_1_383' title='bbox 703 3372 730 3424; x_wconf 87' lang='lat' dir='ltr'>et</span> <span class='ocrx_word' id='word_1_384' title='bbox 749 3387 833 3423; x_wconf 70' lang='lat' dir='ltr'>soniis</span> <span class='ocrx_word' id='word_1_385' title='bbox 848 3372 906 3423; x_wconf 65' lang='lat' dir='ltr'>arie</span> <span class='ocrx_word' id='word_1_386' title='bbox 924 3377 1010 3423; x_wconf 81' lang='lat' dir='ltr'>mente</span> <span class='ocrx_word' id='word_1_387' title='bbox 1027 3371 1092 3422; x_wconf 91' lang='lat' dir='ltr'>sunt</span> <span class='ocrx_word' id='word_1_388' title='bbox 1108 3368 1251 3422; x_wconf 83' lang='lat' dir='ltr'>contraria.</span> <span class='ocrx_word' id='word_1_389' title='bbox 1287 3367 1347 3421; x_wconf 82' lang='lat' dir='ltr'>Sin·</span> 
     </span>
     <span class='ocr_line' id='line_1_41' title="bbox 166 3436 1383 3573; baseline -0.001 -16"><span class='ocrx_word' id='word_1_390' title='bbox 166 3437 234 3557; x_wconf 70' lang='lat' dir='ltr'>tit</span> <span class='ocrx_word' id='word_1_391' title='bbox 249 3436 1051 3573; x_wconf 52' lang='lat' dir='ltr'>tigittiVintdunttitthiitt¹l..tiit</span> <span class='ocrx_word' id='word_1_392' title='bbox 1068 3437 1347 3568; x_wconf 59' lang='lat' dir='ltr'>utinm</span> <span class='ocrx_word' id='word_1_393' title='bbox 1380 3485 1383 3491; x_wconf 74' lang='grc'><strong><em>’</em></strong></span> 
     </span>
     <span class='ocr_line' id='line_1_42' title="bbox 166 3570 1348 3641; baseline -0.002 -16"><span class='ocrx_word' id='word_1_394' title='bbox 166 3570 185 3625; x_wconf 91' lang='lat' dir='ltr'>i.</span> <span class='ocrx_word' id='word_1_395' title='bbox 204 3587 225 3625; x_wconf 88' lang='lat' dir='ltr'>e.</span> <span class='ocrx_word' id='word_1_396' title='bbox 244 3589 312 3624; x_wconf 78' lang='lat' dir='ltr'>sono</span> <span class='ocrx_word' id='word_1_397' title='bbox 330 3572 448 3638; x_wconf 85' lang='lat' dir='ltr'>lacessit,</span> <span class='ocrx_word' id='word_1_398' title='bbox 466 3588 520 3625; x_wconf 90' lang='lat' dir='ltr'>non</span> <span class='ocrx_word' id='word_1_399' title='bbox 537 3571 627 3626; x_wconf 72' lang='lat' dir='ltr'>verto.</span> <span class='ocrx_word' id='word_1_400' title='bbox 662 3573 690 3627; x_wconf 86' lang='lat' dir='ltr'>Si</span> <span class='ocrx_word' id='word_1_401' title='bbox 719 3572 818 3626; x_wconf 89' lang='lat' dir='ltr'>umbra</span> <span class='ocrx_word' id='word_1_402' title='bbox 841 3573 919 3641; x_wconf 85' lang='lat' dir='ltr'>proto</span> <span class='ocrx_word' id='word_1_403' title='bbox 934 3573 999 3627; x_wconf 88' lang='lat' dir='ltr'>&#39;sset</span> <span class='ocrx_word' id='word_1_404' title='bbox 1028 3575 1111 3626; x_wconf 79' lang='lat' dir='ltr'>verba</span> <span class='ocrx_word' id='word_1_405' title='bbox 1140 3573 1153 3623; x_wconf 80' lang='grc' dir='ltr'>ν’</span> <span class='ocrx_word' id='word_1_406' title='bbox 1214 3572 1220 3584; x_wconf 87' lang='grc'><strong>’</strong></span> <span class='ocrx_word' id='word_1_407' title='bbox 1277 3586 1348 3640; x_wconf 85' lang='lat' dir='ltr'>quae</span> 
     </span>
     <span class='ocr_line' id='line_1_43' title="bbox 167 3638 1348 3708; baseline -0.002 -17"><span class='ocrx_word' id='word_1_408' title='bbox 167 3654 216 3691; x_wconf 86' lang='lat' dir='ltr'>nec</span> <span class='ocrx_word' id='word_1_409' title='bbox 235 3638 407 3701; x_wconf 86' lang='lat' dir='ltr'>sententiam,</span> <span class='ocrx_word' id='word_1_410' title='bbox 429 3655 477 3693; x_wconf 92' lang='lat' dir='ltr'>uec</span> <span class='ocrx_word' id='word_1_411' title='bbox 495 3639 717 3708; x_wconf 86' lang='lat' dir='ltr'>significationem</span> <span class='ocrx_word' id='word_1_412' title='bbox 730 3640 869 3706; x_wconf 86' lang='lat' dir='ltr'>habereut,</span> <span class='ocrx_word' id='word_1_413' title='bbox 890 3640 977 3693; x_wconf 88' lang='lat' dir='ltr'>stulta</span> <span class='ocrx_word' id='word_1_414' title='bbox 990 3639 1056 3694; x_wconf 84' lang='lat' dir='ltr'>adeo</span> <span class='ocrx_word' id='word_1_415' title='bbox 1074 3642 1102 3693; x_wconf 89' lang='lat' dir='ltr'>et</span> <span class='ocrx_word' id='word_1_416' title='bbox 1118 3639 1221 3708; x_wconf 82' lang='lat' dir='ltr'>inepta,</span> <span class='ocrx_word' id='word_1_417' title='bbox 1263 3653 1348 3692; x_wconf 89' lang='lat' dir='ltr'>umus</span> 
     </span>
     <span class='ocr_line' id='line_1_44' title="bbox 167 3705 1347 3776; baseline 0 -17"><span class='ocrx_word' id='word_1_418' title='bbox 167 3705 290 3759; x_wconf 77' lang='lat' dir='ltr'>fraudem</span> <span class='ocrx_word' id='word_1_419' title='bbox 310 3705 540 3774; x_wconf 87' lang='lat' dir='ltr'>deprehendisset.</span> <span class='ocrx_word' id='word_1_420' title='bbox 575 3709 645 3762; x_wconf 86' lang='lat' dir='ltr'>Nam</span> <span class='ocrx_word' id='word_1_421' title='bbox 664 3709 767 3762; x_wconf 80' lang='lat' dir='ltr'>Aeneas</span> <span class='ocrx_word' id='word_1_422' title='bbox 792 3708 861 3762; x_wconf 88' lang='lat' dir='ltr'>talia</span> <span class='ocrx_word' id='word_1_423' title='bbox 888 3708 971 3761; x_wconf 87' lang='lat' dir='ltr'>verba</span> <span class='ocrx_word' id='word_1_424' title='bbox 998 3723 1051 3760; x_wconf 93' lang='lat' dir='ltr'>non</span> <span class='ocrx_word' id='word_1_425' title='bbox 1070 3707 1143 3776; x_wconf 88' lang='lat' dir='ltr'>loqui</span> <span class='ocrx_word' id='word_1_426' title='bbox 1161 3705 1296 3760; x_wconf 87' lang='lat' dir='ltr'>solebat.“</span> <span class='ocrx_word' id='word_1_427' title='bbox 1313 3736 1347 3744; x_wconf 92' lang='lat'>—</span> 
     </span>
     <span class='ocr_line' id='line_1_45' title="bbox 167 3772 1348 3856; baseline 0.001 -31"><span class='ocrx_word' id='word_1_428' title='bbox 167 3772 766 3842; x_wconf 73' lang='lat' dir='ltr'>640.Ouniugh.etWalref.e1unoMed.</span> <span class='ocrx_word' id='word_1_429' title='bbox 796 3778 955 3856; x_wconf 81' lang='lat' dir='ltr'>receperunt</span> <span class='ocrx_word' id='word_1_430' title='bbox 981 3790 1166 3843; x_wconf 69' lang='lat' dir='ltr'>pressiusque,</span> <span class='ocrx_word' id='word_1_431' title='bbox 1197 3789 1259 3827; x_wconf 89' lang='lat' dir='ltr'>cnm</span> <span class='ocrx_word' id='word_1_432' title='bbox 1290 3789 1348 3826; x_wconf 85' lang='lat' dir='ltr'>am·</span> 
     </span>
     <span class='ocr_line' id='line_1_46' title="bbox 167 3840 1351 3922; baseline 0.001 -30"><span class='ocrx_word' id='word_1_433' title='bbox 167 3840 251 3908; x_wconf 91' lang='lat' dir='ltr'>bigua</span> <span class='ocrx_word' id='word_1_434' title='bbox 269 3845 359 3894; x_wconf 89' lang='lat' dir='ltr'>essent</span> <span class='ocrx_word' id='word_1_435' title='bbox 389 3843 532 3896; x_wconf 88' lang='lat' dir='ltr'>coniuncta</span> <span class='ocrx_word' id='word_1_436' title='bbox 549 3845 633 3898; x_wconf 90' lang='lat' dir='ltr'>verba</span> <span class='ocrx_word' id='word_1_437' title='bbox 658 3860 766 3922; x_wconf 70' lang='lat' dir='ltr'>granno</span> <span class='ocrx_word' id='word_1_438' title='bbox 789 3845 892 3896; x_wconf 66' lang='lat' dir='ltr'>metas!</span> <span class='ocrx_word' id='word_1_439' title='bbox 925 3841 977 3897; x_wconf 86' lang='lat' dir='ltr'>Sed</span> <span class='ocrx_word' id='word_1_440' title='bbox 1007 3843 1066 3913; x_wconf 89' lang='lat' dir='ltr'>quis</span> <span class='ocrx_word' id='word_1_441' title='bbox 1094 3857 1221 3910; x_wconf 89' lang='lat' dir='ltr'>umquam</span> <span class='ocrx_word' id='word_1_442' title='bbox 1239 3857 1351 3909; x_wconf 72' lang='lat' dir='ltr'>presure</span> 
     </span>
     <span class='ocr_line' id='line_1_47' title="bbox 167 3907 1349 3978; baseline 0 -18"><span class='ocrx_word' id='word_1_443' title='bbox 167 3917 260 3961; x_wconf 67' lang='lat' dir='ltr'>canta</span> <span class='ocrx_word' id='word_1_444' title='bbox 277 3908 363 3961; x_wconf 81' lang='lat' dir='ltr'>dixit?</span> <span class='ocrx_word' id='word_1_445' title='bbox 388 3909 474 3963; x_wconf 88' lang='lat' dir='ltr'>lnnno</span> <span class='ocrx_word' id='word_1_446' title='bbox 491 3928 612 3977; x_wconf 73' lang='lat' dir='ltr'>praecem</span> <span class='ocrx_word' id='word_1_447' title='bbox 630 3913 759 3978; x_wconf 81' lang='lat' dir='ltr'>originem</span> <span class='ocrx_word' id='word_1_448' title='bbox 789 3912 871 3965; x_wconf 86' lang='lat' dir='ltr'>debet</span> <span class='ocrx_word' id='word_1_449' title='bbox 900 3910 1069 3964; x_wconf 84' lang='lat' dir='ltr'>antecedenti</span> <span class='ocrx_word' id='word_1_450' title='bbox 1084 3927 1181 3964; x_wconf 79' lang='lat' dir='ltr'>sonam</span> <span class='ocrx_word' id='word_1_451' title='bbox 1198 3912 1247 3963; x_wconf 89' lang='lat' dir='ltr'>aut</span> <span class='ocrx_word' id='word_1_452' title='bbox 1264 3925 1296 3962; x_wconf 85' lang='lat' dir='ltr'>er</span> <span class='ocrx_word' id='word_1_453' title='bbox 1313 3907 1349 3970; x_wconf 94' lang='lat' dir='ltr'>V,</span> 
     </span>
     <span class='ocr_line' id='line_1_48' title="bbox 168 3975 1349 4048; baseline -0.003 -18"><span class='ocrx_word' id='word_1_454' title='bbox 168 3979 225 4032; x_wconf 74' lang='lat' dir='ltr'>ets.</span> <span class='ocrx_word' id='word_1_455' title='bbox 247 3976 298 4029; x_wconf 90' lang='lat' dir='ltr'>huc</span> <span class='ocrx_word' id='word_1_456' title='bbox 316 3977 494 4043; x_wconf 86' lang='lat' dir='ltr'>translatum,</span> <span class='ocrx_word' id='word_1_457' title='bbox 524 3978 571 4031; x_wconf 92' lang='lat' dir='ltr'>ubi</span> <span class='ocrx_word' id='word_1_458' title='bbox 593 3977 708 4046; x_wconf 85' lang='lat' dir='ltr'>legimus</span> <span class='ocrx_word' id='word_1_459' title='bbox 725 3979 776 4048; x_wconf 75' lang='lat' dir='ltr'>qni</span> <span class='ocrx_word' id='word_1_460' title='bbox 790 3995 899 4048; x_wconf 71' lang='lat' dir='ltr'>presan</span> <span class='ocrx_word' id='word_1_461' title='bbox 916 3979 1006 4047; x_wconf 79' lang='lat' dir='ltr'>eunti,·</span> <span class='ocrx_word' id='word_1_462' title='bbox 1035 3981 1064 4033; x_wconf 90' lang='lat' dir='ltr'>et</span> <span class='ocrx_word' id='word_1_463' title='bbox 1093 3977 1179 4032; x_wconf 87' lang='lat' dir='ltr'>solere</span> <span class='ocrx_word' id='word_1_464' title='bbox 1196 3975 1349 4044; x_wconf 80' lang='lat' dir='ltr'>Vergilium</span> 
     </span>
     <span class='ocr_line' id='line_1_49' title="bbox 168 4044 1349 4115; baseline -0.003 -17"><span class='ocrx_word' id='word_1_465' title='bbox 168 4044 286 4098; x_wconf 80' lang='lat' dir='ltr'>diversos</span> <span class='ocrx_word' id='word_1_466' title='bbox 306 4060 430 4097; x_wconf 87' lang='lat' dir='ltr'>numeros</span> <span class='ocrx_word' id='word_1_467' title='bbox 448 4047 585 4099; x_wconf 89' lang='lat' dir='ltr'>nominum</span> <span class='ocrx_word' id='word_1_468' title='bbox 603 4048 771 4115; x_wconf 85' lang='lat' dir='ltr'>coniungere,</span> <span class='ocrx_word' id='word_1_469' title='bbox 788 4045 824 4101; x_wconf 90' lang='lat' dir='ltr'>ad</span> <span class='ocrx_word' id='word_1_470' title='bbox 837 4045 884 4107; x_wconf 89' lang='lat' dir='ltr'>Vl,</span> <span class='ocrx_word' id='word_1_471' title='bbox 898 4049 956 4100; x_wconf 79' lang='grc'><strong>724.</strong></span> <span class='ocrx_word' id='word_1_472' title='bbox 967 4049 996 4099; x_wconf 92' lang='lat' dir='ltr'>et</span> <span class='ocrx_word' id='word_1_473' title='bbox 1012 4045 1046 4100; x_wconf 84' lang='lat' dir='ltr'>al</span> <span class='ocrx_word' id='word_1_474' title='bbox 1059 4044 1185 4099; x_wconf 82' lang='lat' dir='ltr'>vidimus.</span> <span class='ocrx_word' id='word_1_475' title='bbox 1220 4044 1349 4097; x_wconf 83' lang='lat' dir='ltr'>Ceterum</span> 
     </span>
     <span class='ocr_line' id='line_1_50' title="bbox 168 4112 1351 4180; baseline -0.003 -14"><span class='ocrx_word' id='word_1_476' title='bbox 168 4112 203 4166; x_wconf 83' lang='lat' dir='ltr'>cl.</span> <span class='ocrx_word' id='word_1_477' title='bbox 221 4112 317 4166; x_wconf 86' lang='lat' dir='ltr'>similis</span> <span class='ocrx_word' id='word_1_478' title='bbox 336 4112 409 4165; x_wconf 89' lang='lat' dir='ltr'>locus</span> <span class='ocrx_word' id='word_1_479' title='bbox 439 4114 468 4180; x_wconf 87' lang='grc' dir='ltr'>Ι,</span> <span class='ocrx_word' id='word_1_480' title='bbox 487 4118 544 4167; x_wconf 79' lang='grc'><strong>690.</strong></span> <span class='ocrx_word' id='word_1_481' title='bbox 572 4116 601 4166; x_wconf 92' lang='lat' dir='ltr'>et</span> <span class='ocrx_word' id='word_1_482' title='bbox 629 4113 705 4168; x_wconf 84' lang='lat' dir='ltr'>ovid.</span> <span class='ocrx_word' id='word_1_483' title='bbox 737 4115 800 4169; x_wconf 84' lang='lat' dir='ltr'>Met.</span> <span class='ocrx_word' id='word_1_484' title='bbox 819 4113 867 4175; x_wconf 87' lang='lat' dir='ltr'>XI,</span> <span class='ocrx_word' id='word_1_485' title='bbox 887 4117 945 4167; x_wconf 84' lang='grc'><strong>634.</strong></span> <span class='ocrx_word' id='word_1_486' title='bbox 964 4144 996 4153; x_wconf 87' lang='grc'><strong>-</strong></span> <span class='ocrx_word' id='word_1_487' title='bbox 1013 4113 1079 4173; x_wconf 81' lang='grc'><strong>641.</strong></span> <span class='ocrx_word' id='word_1_488' title='bbox 1100 4113 1214 4167; x_wconf 82' lang='lat' dir='ltr'>Morte</span> <span class='ocrx_word' id='word_1_489' title='bbox 1245 4112 1351 4177; x_wconf 85' lang='lat' dir='ltr'>obita,</span> 
     </span>
     <span class='ocr_line' id='line_1_51' title="bbox 168 4179 1349 4252; baseline -0.003 -18"><span class='ocrx_word' id='word_1_490' title='bbox 168 4181 250 4234; x_wconf 90' lang='lat' dir='ltr'>ctiam</span> <span class='ocrx_word' id='word_1_491' title='bbox 273 4197 314 4249; x_wconf 87' lang='lat' dir='ltr'>ep.</span> <span class='ocrx_word' id='word_1_492' title='bbox 333 4179 411 4233; x_wconf 88' lang='lat' dir='ltr'>Lucr.</span> <span class='ocrx_word' id='word_1_493' title='bbox 431 4181 453 4244; x_wconf 89' lang='grc' dir='ltr'>Ι,</span> <span class='ocrx_word' id='word_1_494' title='bbox 476 4185 530 4234; x_wconf 81' lang='grc'><strong>136.</strong></span> <span class='ocrx_word' id='word_1_495' title='bbox 549 4181 596 4247; x_wconf 82' lang='lat' dir='ltr'>IV,</span> <span class='ocrx_word' id='word_1_496' title='bbox 615 4185 673 4235; x_wconf 82' lang='grc'><strong>736.</strong></span> <span class='ocrx_word' id='word_1_497' title='bbox 702 4182 756 4236; x_wconf 82' lang='lat' dir='ltr'>Cic.</span> <span class='ocrx_word' id='word_1_498' title='bbox 773 4198 813 4252; x_wconf 90' lang='lat' dir='ltr'>pr.</span> <span class='ocrx_word' id='word_1_499' title='bbox 833 4181 904 4235; x_wconf 82' lang='lat' dir='ltr'>Sext.</span> <span class='ocrx_word' id='word_1_500' title='bbox 924 4185 965 4246; x_wconf 83' lang='lat'>38,</span> <span class='ocrx_word' id='word_1_501' title='bbox 986 4185 1027 4235; x_wconf 86' lang='lat'>83.</span> <span class='ocrx_word' id='word_1_502' title='bbox 1044 4185 1072 4235; x_wconf 91' lang='lat' dir='ltr'>et</span> <span class='ocrx_word' id='word_1_503' title='bbox 1089 4180 1208 4236; x_wconf 83' lang='lat' dir='ltr'>Gellium</span> <span class='ocrx_word' id='word_1_504' title='bbox 1226 4179 1286 4242; x_wconf 85' lang='lat' dir='ltr'>XV,</span> <span class='ocrx_word' id='word_1_505' title='bbox 1307 4182 1349 4232; x_wconf 78' lang='lat'>20.</span> 
     </span>
     <span class='ocr_line' id='line_1_52' title="bbox 168 4245 1349 4317; baseline 0.002 -17"><span class='ocrx_word' id='word_1_506' title='bbox 168 4248 292 4316; x_wconf 84' lang='lat' dir='ltr'>legimus.</span> <span class='ocrx_word' id='word_1_507' title='bbox 329 4248 403 4302; x_wconf 87' lang='lat' dir='ltr'>idem</span> <span class='ocrx_word' id='word_1_508' title='bbox 422 4247 495 4302; x_wconf 91' lang='lat' dir='ltr'>haud</span> <span class='ocrx_word' id='word_1_509' title='bbox 516 4249 599 4303; x_wconf 82' lang='lat' dir='ltr'>semel</span> <span class='ocrx_word' id='word_1_510' title='bbox 629 4249 698 4302; x_wconf 78' lang='lat' dir='ltr'>dixit</span> <span class='ocrx_word' id='word_1_511' title='bbox 714 4249 849 4303; x_wconf 83' lang='lat' dir='ltr'>Ausonius</span> <span class='ocrx_word' id='word_1_512' title='bbox 869 4249 958 4317; x_wconf 79' lang='lat' dir='ltr'>(CXC,</span> <span class='ocrx_word' id='word_1_513' title='bbox 976 4253 1001 4302; x_wconf 86' lang='grc'><strong>4.</strong></span> <span class='ocrx_word' id='word_1_514' title='bbox 1019 4248 1110 4315; x_wconf 80' lang='lat' dir='ltr'>ccix,</span> <span class='ocrx_word' id='word_1_515' title='bbox 1129 4248 1250 4315; x_wconf 86' lang='lat' dir='ltr'>8.cett.).</span> <span class='ocrx_word' id='word_1_516' title='bbox 1287 4245 1349 4302; x_wconf 89' lang='lat' dir='ltr'>Vid.</span> 
     </span>
     <span class='ocr_line' id='line_1_53' title="bbox 168 4313 1351 4386; baseline 0.001 -18"><span class='ocrx_word' id='word_1_517' title='bbox 168 4315 293 4371; x_wconf 77' lang='lat' dir='ltr'>Reddin.</span> <span class='ocrx_word' id='word_1_518' title='bbox 312 4315 332 4370; x_wconf 94' lang='lat' dir='ltr'>I.</span> <span class='ocrx_word' id='word_1_519' title='bbox 352 4334 377 4385; x_wconf 90' lang='lat' dir='ltr'>p.</span> <span class='ocrx_word' id='word_1_520' title='bbox 397 4320 454 4370; x_wconf 85' lang='lat'>300.</span> <span class='ocrx_word' id='word_1_521' title='bbox 484 4317 512 4370; x_wconf 83' lang='lat' dir='ltr'>et</span> <span class='ocrx_word' id='word_1_522' title='bbox 540 4315 622 4370; x_wconf 81' lang='lat' dir='ltr'>Drsk.</span> <span class='ocrx_word' id='word_1_523' title='bbox 651 4316 686 4370; x_wconf 85' lang='lat' dir='ltr'>ad</span> <span class='ocrx_word' id='word_1_524' title='bbox 703 4317 762 4370; x_wconf 85' lang='lat' dir='ltr'>Silii</span> <span class='ocrx_word' id='word_1_525' title='bbox 778 4317 820 4384; x_wconf 88' lang='lat'>11,</span> <span class='ocrx_word' id='word_1_526' title='bbox 845 4321 902 4371; x_wconf 76' lang='lat'>754.</span> <span class='ocrx_word' id='word_1_527' title='bbox 920 4348 953 4356; x_wconf 92' lang='lat'>—</span> <span class='ocrx_word' id='word_1_528' title='bbox 968 4318 1129 4386; x_wconf 72' lang='lat' dir='ltr'>figuras,</span> <span class='ocrx_word' id='word_1_529' title='bbox 1160 4315 1271 4369; x_wconf 70' lang='grc' dir='ltr'><strong>εἴδωλα.</strong></span> <span class='ocrx_word' id='word_1_530' title='bbox 1307 4313 1351 4369; x_wconf 77' lang='lat' dir='ltr'>Cf.</span> 
     </span>
     <span class='ocr_line' id='line_1_54' title="bbox 168 4383 1351 4454; baseline -0.003 -18"><span class='ocrx_word' id='word_1_531' title='bbox 168 4383 372 4450; x_wconf 73' lang='lat' dir='ltr'>Lucr.1V,:it.</span> <span class='ocrx_word' id='word_1_532' title='bbox 395 4386 466 4452; x_wconf 65' lang='lat'>(34),</span> <span class='ocrx_word' id='word_1_533' title='bbox 484 4400 563 4452; x_wconf 85' lang='lat' dir='ltr'>quern</span> <span class='ocrx_word' id='word_1_534' title='bbox 582 4383 670 4437; x_wconf 92' lang='lat' dir='ltr'>locum</span> <span class='ocrx_word' id='word_1_535' title='bbox 699 4385 753 4438; x_wconf 86' lang='lat' dir='ltr'>iam</span> <span class='ocrx_word' id='word_1_536' title='bbox 770 4385 889 4438; x_wconf 82' lang='lat' dir='ltr'>Macrob.</span> <span class='ocrx_word' id='word_1_537' title='bbox 907 4385 953 4446; x_wconf 82' lang='lat' dir='ltr'>vi,</span> <span class='ocrx_word' id='word_1_538' title='bbox 974 4389 996 4449; x_wconf 83' lang='lat'>1,</span> <span class='ocrx_word' id='word_1_539' title='bbox 1017 4388 1058 4442; x_wconf 81' lang='grc'><strong>29.</strong></span> <span class='ocrx_word' id='word_1_540' title='bbox 1075 4402 1101 4454; x_wconf 87' lang='lat' dir='ltr'>p.</span> <span class='ocrx_word' id='word_1_541' title='bbox 1121 4387 1179 4439; x_wconf 83' lang='lat'>501.</span> <span class='ocrx_word' id='word_1_542' title='bbox 1197 4383 1256 4438; x_wconf 87' lang='lat' dir='ltr'>Ian.</span> <span class='ocrx_word' id='word_1_543' title='bbox 1288 4397 1351 4435; x_wconf 90' lang='lat' dir='ltr'>cum</span> 
     </span>
     <span class='ocr_line' id='line_1_55' title="bbox 168 4449 1351 4522; baseline -0.003 -18"><span class='ocrx_word' id='word_1_544' title='bbox 168 4455 260 4505; x_wconf 88' lang='lat' dir='ltr'>nostro</span> <span class='ocrx_word' id='word_1_545' title='bbox 280 4451 402 4505; x_wconf 88' lang='lat' dir='ltr'>contulit.</span> <span class='ocrx_word' id='word_1_546' title='bbox 422 4482 455 4489; x_wconf 91' lang='lat'>-</span> <span class='ocrx_word' id='word_1_547' title='bbox 473 4451 540 4511; x_wconf 77' lang='lat'>64⁸2.</span> <span class='ocrx_word' id='word_1_548' title='bbox 561 4452 627 4504; x_wconf 82' lang='lat' dir='ltr'>Aat</span> <span class='ocrx_word' id='word_1_549' title='bbox 644 4469 743 4520; x_wconf 71' lang='grc' dir='ltr'><strong><em>φναν,</em></strong></span> <span class='ocrx_word' id='word_1_550' title='bbox 772 4456 821 4506; x_wconf 91' lang='lat' dir='ltr'>aut</span> <span class='ocrx_word' id='word_1_551' title='bbox 857 4452 931 4506; x_wconf 90' lang='lat' dir='ltr'>ualia</span> <span class='ocrx_word' id='word_1_552' title='bbox 948 4455 1021 4518; x_wconf 91' lang='lat' dir='ltr'>sunt,</span> <span class='ocrx_word' id='word_1_553' title='bbox 1051 4468 1119 4522; x_wconf 84' lang='lat' dir='ltr'>quae</span> <span class='ocrx_word' id='word_1_554' title='bbox 1139 4452 1205 4506; x_wconf 90' lang='lat' dir='ltr'>cett.</span> <span class='ocrx_word' id='word_1_555' title='bbox 1223 4480 1256 4489; x_wconf 95' lang='lat'>-—</span> <span class='ocrx_word' id='word_1_556' title='bbox 1272 4449 1351 4519; x_wconf 77' lang='lat' dir='ltr'>pri-</span> 
     </span>
     <span class='ocr_line' id='line_1_56' title="bbox 167 4469 1352 4587; baseline -0.002 -15"><span class='ocrx_word' id='word_1_557' title='bbox 167 4521 449 4574; x_wconf 80' lang='lat' dir='ltr'>masantcacies.</span> <span class='ocrx_word' id='word_1_558' title='bbox 484 4519 669 4583; x_wconf 79' lang='lat' dir='ltr'>ct.1x,5es.</span> <span class='ocrx_word' id='word_1_559' title='bbox 700 4549 733 4556; x_wconf 45' lang='lat' dir='ltr'><strong><em>m</em></strong></span> <span class='ocrx_word' id='word_1_560' title='bbox 761 4469 916 4574; x_wconf 69' lang='lat' dir='ltr'>cassilini.</span> <span class='ocrx_word' id='word_1_561' title='bbox 951 4520 993 4576; x_wconf 84' lang='lat' dir='ltr'>Ol.</span> <span class='ocrx_word' id='word_1_562' title='bbox 1013 4520 1126 4587; x_wconf 78' lang='grc' dir='ltr'><strong>ΙΙ,470.</strong></span> <span class='ocrx_word' id='word_1_563' title='bbox 1157 4550 1190 4558; x_wconf 92' lang='grc'>-</span> <span class='ocrx_word' id='word_1_564' title='bbox 1215 4516 1352 4579; x_wconf 58' lang='lat' dir='ltr'>Gulo-</span> 
     </span>
     <span class='ocr_line' id='line_1_57' title="bbox 169 4587 1350 4644; baseline 0.001 -5"><span class='ocrx_word' id='word_1_565' title='bbox 169 4589 261 4642; x_wconf 78' lang='lat' dir='ltr'>ccsit.</span> <span class='ocrx_word' id='word_1_566' title='bbox 295 4587 339 4642; x_wconf 83' lang='lat' dir='ltr'>Cf.</span> <span class='ocrx_word' id='word_1_567' title='bbox 356 4588 469 4644; x_wconf 82' lang='lat' dir='ltr'>intrav.</span> <span class='ocrx_word' id='word_1_568' title='bbox 489 4590 546 4641; x_wconf 88' lang='grc'><strong>718,</strong></span> <span class='ocrx_word' id='word_1_569' title='bbox 583 4587 740 4639; x_wconf 62' lang='lat' dir='ltr'>Maritima</span> <span class='ocrx_word' id='word_1_570' title='bbox 767 4588 778 4638; x_wconf 87' lang='grc'><strong>7</strong></span> <span class='ocrx_word' id='word_1_571' title='bbox 833 4596 891 4641; x_wconf 81' lang='lat' dir='ltr'>eet</span> <span class='ocrx_word' id='word_1_572' title='bbox 908 4597 986 4642; x_wconf 77' lang='lat' dir='ltr'>vasto</span> <span class='ocrx_word' id='word_1_573' title='bbox 1005 4588 1125 4642; x_wconf 83' lang='lat' dir='ltr'>clamore</span> <span class='ocrx_word' id='word_1_574' title='bbox 1152 4589 1297 4641; x_wconf 79' lang='lat' dir='ltr'>lacessunt.</span> <span class='ocrx_word' id='word_1_575' title='bbox 1316 4615 1350 4624; x_wconf 96' lang='lat'>-</span> 
     </span>
     <span class='ocr_line' id='line_1_58' title="bbox 169 4652 1350 4725; baseline -0.007 -11"><span class='ocrx_word' id='word_1_576' title='bbox 169 4652 233 4714; x_wconf 72' lang='grc'><strong>648.</strong></span> <span class='ocrx_word' id='word_1_577' title='bbox 252 4672 339 4725; x_wconf 79' lang='lat' dir='ltr'>spem</span> <span class='ocrx_word' id='word_1_578' title='bbox 356 4656 456 4710; x_wconf 78' lang='lat' dir='ltr'>haasi</span> <span class='ocrx_word' id='word_1_579' title='bbox 461 4665 479 4711; x_wconf 89' lang='lat' dir='ltr'>t.</span> <span class='ocrx_word' id='word_1_580' title='bbox 515 4655 669 4724; x_wconf 80' lang='lat' dir='ltr'>Conington</span> <span class='ocrx_word' id='word_1_581' title='bbox 686 4654 791 4709; x_wconf 86' lang='lat' dir='ltr'>confert</span> <span class='ocrx_word' id='word_1_582' title='bbox 844 4658 921 4709; x_wconf 81' lang='lat' dir='ltr'>urire</span> <span class='ocrx_word' id='word_1_583' title='bbox 938 4658 1061 4710; x_wconf 81' lang='lat' dir='ltr'>dolorem</span> <span class='ocrx_word' id='word_1_584' title='bbox 1077 4671 1120 4724; x_wconf 87' lang='lat' dir='ltr'>ap.</span> <span class='ocrx_word' id='word_1_585' title='bbox 1132 4655 1189 4709; x_wconf 74' lang='lat' dir='ltr'>(lio.</span> <span class='ocrx_word' id='word_1_586' title='bbox 1206 4670 1256 4723; x_wconf 90' lang='lat' dir='ltr'>pro</span> <span class='ocrx_word' id='word_1_587' title='bbox 1274 4653 1350 4708; x_wconf 87' lang='lat' dir='ltr'>Cael.</span> 
     </span>
    </p>
   </div>
   <div class='ocr_carea' id='block_1_5' title="bbox 0 0 1445 5070">
    <p class='ocr_par' dir='ltr' id='par_1_15' title="bbox 0 0 1445 5070">
     <span class='ocr_line' id='line_1_59' title="bbox 0 0 1445 5070; baseline 0 0"><span class='ocrx_word' id='word_1_588' title='bbox 0 0 1445 5070; x_wconf 95' lang='lat' dir='ltr'> </span> 
     </span>
    </p>
   </div>
  </div>
 </body>
</html>
