2872 5070
493 247 722 315 AENEIDOS
743 249 827 317 LIB.
848 249 908 314 lx.
1217 255 1277 316 249

104 413 255 479 Vidimus
279 412 426 479 obscuris
448 415 586 501 primam
610 413 669 479 sub
690 415 831 481 vallibus
854 416 967 480 urbem

104 498 234 561 Venatu
258 495 395 562 adsidue
417 508 449 562 et
471 508 570 563 totum
593 502 803 584 eognovimus
825 499 986 564 amnem.“
1227 511 1277 560 245

105 580 168 645 Hie
191 582 284 644 annis
306 582 418 665 gravis
441 590 538 668 atque
558 583 658 647 animi
682 592 827 647 maturus
848 582 976 647 Aletes:

106 663 172 745 „Di
195 664 303 749 patrii,
327 686 462 747 quorum
486 688 614 751 semper
637 664 696 729 sub
719 668 849 730 numine
871 665 974 731 Trois
995 674 1053 747 est,

106 747 178 810 Non
199 757 307 811 tamen
331 749 460 812 omnino
483 747 626 814 Teucros
649 747 757 813 delere
780 750 914 835 paratis,

107 829 186 897 Cum
210 829 284 895 talis
307 831 432 896 animos
455 832 607 898 iuvenum
630 842 750 898 ettam
773 841 862 898 certa
885 831 1004 898 tulistis

106 1020 313 1030 ...-—-.----.

106 1151 156 1205 Sed
174 1150 310 1230 adiectum
328 1154 403 1221 puto,
425 1155 488 1223 quia
506 1158 654 1224 sequuntur
672 1158 753 1210 verbu
777 1155 899 1211 Victimm
917 1157 1040 1210 obtereris
1057 1158 1116 1222 ete,
1147 1158 1178 1209 ut
1196 1172 1229 1224 op
1249 1171 1276 1208 o·

106 1218 168 1274 sitio
217 1221 288 1272 otrus
318 1220 383 1274 heae
412 1222 460 1274 sit:
490 1223 565 1276 Alios
589 1223 704 1278 tirtasse
722 1224 766 1277 vis
784 1223 869 1286 fallet,
901 1241 957 1285 nos,
987 1223 1033 1292 qui
1050 1223 1228 1277 viderimuse
1260 1264 1275 1289 .‚

107 1303 157 1340 non
199 1286 273 1342 allet.
298 1288 464 1366 ⁸Lectionum
494 1293 584 1343 antem
611 1290 718 1355 fellet
736 1308 783 1356 pre
802 1293 873 1359 vulg.
875 1292 970 1411 Vpellit
987 1300 1078 1360 (qnam
1098 1306 1157 1344 oum
1176 1288 1276 1358 Stiptlio

106 1358 133 1409 st
149 1355 251 1422 Brpeoo
269 1355 349 1409 etiam
367 1357 495 1411 Ribbeck.
516 1359 639 1417 retinuit)
658 1376 718 1411 oum
730 1359 856 1426 Hauptie‚
909 1375 971 1427 agn.
990 1358 1027 1423 (in
1045 1358 1183 1411 recentiss.
1201 1357 1277 1423 edit.)

107 1426 134 1476 et
150 1422 255 1476 Laden.
287 1425 318 1474 ut
347 1426 478 1493 aptiorem
509 1442 540 1478 ex
560 1426 678 1479 Medioeo
696 1443 766 1478 nuno
783 1427 939 1495 recepimus,
966 1442 1045 1495 quam
1066 1425 1228 1478 nemetiam
1249 1424 1276 1476 in

108 1489 191 1544 Anth.
212 1490 271 1543 Lat.
291 1491 313 1552 Ι,
337 1496 391 1556 1111,
411 1496 461 1554 58,
492 1496 523 1544 ut
554 1494 581 1545 in
600 1495 696 1547 ceteris
713 1494 796 1547 Codd.
813 1511 861 1547 nee
878 1513 927 1547 nes
944 1495 990 1547 ola
1008 1444 1088 1558 fallit
1105 1500 1194 1545 memes
1211 1491 1277 1559 legi-

108 1561 160 1611 tur.
181 1588 209 1596 -
231 1557 262 1609 V·
278 1554 356 1620 244..
377 1577 456 1628 quem
474 1561 588 1624 Peerlln,
606 1561 708 1615 levibus
727 1561 759 1615 de
777 1562 865 1615 oensis
885 1580 898 1615 s
917 1561 1005 1615 urium
1024 1565 1121 1620 censet,
1141 1560 1221 1612 verbs
1240 1559 1278 1611 sie

107 1625 200 1693 iunge:
230 1624 355 1679 Vidimus
370 1629 418 1679 snb
436 1627 563 1695 vellitren,
582 1629 598 1680 i.
617 1645 639 1682 e.
659 1629 685 1681 in
704 1630 773 1683 valle
793 1580 916 1684 collocati
936 1630 975 1692 (in
993 1631 1042 1681 der
1063 1629 1143 1692 Tiefe
1162 1626 1278 1679 (irent-ter

110 1693 226 1746 mete:
258 1692 293 1745 ef.
323 1693 428 1747 adnott.
459 1694 493 1748 sd
513 1696 535 1762 I,
553 1699 612 1749 6611.
641 1698 669 1750 et
686 1697 735 1761 ΠΙ,
754 1700 799 1759 6.),
829 1700 922 1752 urbem
948 1697 1084 1749 inruente
1122 1695 1226 1748 ositam.
1246 1724 1278 1734 -

109 1761 254 1814 obseura
274 1761 381 1815 vellis
398 1761 499 1829 eadem,
518 1780 586 1831 quae
604 1764 716 1817 Horatio
735 1766 782 1833 Ep.
801 1765 822 1825 Ι,
843 1769 881 1830 16,
902 1769 924 1818 6.
945 1782 1042 1834 opaea,
1073 1712 1179 1816 Tibullo
1196 1762 1232 1827 11,
1253 1765 1277 1828 3,

106 1831 147 1881 12.
176 1829 313 1881 rrmtroea.
333 1832 438 1883 -sub
467 1831 632 1886 vellitus.
667 1832 707 1886 cf.
727 1832 803 1886 evin.
821 1833 895 1887 Fest.
916 1833 962 1898 lv,
982 1835 1039 1884 421.
1059 1830 1203 1882 Vellesud
1220 1846 1278 1880 um·

104 1897 190 1951 drona
216 1896 293 1949 lecim
322 1904 360 1949 est
391 1899 419 1951 et
436 1898 537 1952 similes
555 1899 627 1952 locos
645 1916 704 1953 eum
723 1900 814 1955 Burm.
834 1900 924 1954 adnot.
946 1900 980 1953 sd
998 1900 1074 1954 Ouid.
1093 1899 1158 1951 Met.
1178 1896 1200 1962 Ι,
1219 1899 1276 1949 669.

101 1965 276 2084 plojeplequ.¹
296 1963 352 2017 Nos
382 1964 497 2019 dicimus
530 1968 567 2019 im
586 1967 671 2020 'Itale
705 1976 792 2028 urimo,
823 1972 853 2020 ut
883 1983 930 2035 pro
950 1969 1043 2020 nostro
1063 1968 1127 2018 oden
1146 1966 1204 2023 auf
1219 1966 1279 2016 clem

101 2099 138 2152 de

239 2031 307 2084 atini
336 2034 441 2099 ponunt
458 2052 546 2104 supra
563 2043 660 2088 meme.
695 2032 1278 2100 (1146ιο11,ιᾱΑιιι.Ι,661).οιῖΙιιριτ.

181 2098 235 2163 aig.
253 2098 321 2152 Itnlo
339 2117 363 2168 p.
383 2104 441 2153 216.
460 2103 488 2154 et
508 2106 565 2155 469.
587 2133 616 2140 -
632 2104 778 2172 primam
796 2105 919 2164 urbem,
944 2103 1059 2171 primam
1079 2103 1185 2168 partem
1203 2098 1278 2152 urbis

100 2165 148 2220 Iris
166 2166 284 2219 vallibus
302 2168 440 2221 obversam
459 2169 546 2236 prima
566 2170 639 2224 urbis
658 2171 787 2224 aedificis.
824 2170 884 2224 vid.
908 2170 983 2230 adl,
1002 2173 1061 2222 541.
1080 2172 1108 2222 et
1125 2167 1199 2220 Cirin
1220 2170 1277 2220 212.

99 2235 194 2288 Aliter
224 2237 314 2287 tamen
332 2235 421 2288 raim.-
451 2238 515 2299 „die
545 2239 656 2290 edelmte
686 2239 743 2303 (die
774 2242 853 2296 erstet
872 2238 953 2290 Sterlt
977 2256 1030 2290 von
1048 2236 1114 2289 hier.
1150 2235 1194 2287 lta
1214 2249 1279 2286 sane

100 2301 189 2356 Nisus
218 2318 271 2353 non
300 2305 392 2371 aperte
422 2304 544 2357 nominat
570 2305 664 2358 urbem
682 2305 869 2369 Pallantenm3
898 2304 944 2358 sed
976 2321 1035 2357 eum
1065 2303 1137 2355 inter
1157 2301 1232 2354 illam
1250 2303 1279 2354 et

100 2372 196 2424 eastra
213 2368 388 2423 Troianorum
419 2370 472 2424 alis
499 2373 563 2427 urbs
592 2388 644 2424 nou
674 2372 852 2435 interluceret,
881 2373 975 2441 primo
998 2373 1063 2423 orbs
1079 2385 1132 2423 non
1150 2369 1203 2421 alla
1221 2383 1278 2420 esse

100 2438 203 2504 potuit,
223 2453 304 2505 quarn
322 2438 396 2506 regia
413 2438 559 2491 Evandri.“
595 2440 721 2492 Heinsius
740 2440 860 2509 pre‘nmm
876 2456 926 2506 pro
942 2440 1061 2507 pectinem
1100 2436 1197 2488 ositum
1218 2451 1278 2488 oen·

103 2509 155 2565 set,
187 2504 258 2573 quod
288 2521 316 2558 re
334 2522 396 2558 vera
413 2506 520 2559 exhibet
538 2507 641 2560 Nonius
659 2525 684 2576 p.
704 2511 762 2561 369.
782 2538 812 2545 κ
830 2507 956 2560 Ceterum
975 2522 1035 2559 eum
1087 2520 1148 2570 agn.
1167 2502 1279 2555 Comme

104 2573 188 2641 vulgo
206 2574 267 2639 post
283 2575 375 2625 sertem
393 2574 512 2640 positum
532 2574 687 2636 delevimus,
707 2592 768 2628 oum
786 2576 867 2628 verba
885 2581 982 2628 veneto
999 2573 1113 2626 assiduo
1125 2570 1159 2624 ad
1173 2574 1279 2623 utrum·

103 2658 154 2760 pne
174 2639 325 2694 sententiae
342 2643 490 2695 membrum
509 2643 668 2709 pertineant,
682 2643 815 2710 Vergilius
833 2644 925 2696 nutem
937 2640 1065 2710 Copulam
1086 2646 1112 2694 et
1128 2655 1180 2691 non
1197 2636 1279 2691 tertio

117 2726 162 2762 oco
191 2723 289 2776 ponere
320 2709 414 2765 soleat.
451 2709 548 2770 Unnm,
581 2710 625 2778 qui
644 2710 706 2764 huie
724 2710 904 2764 observetIeni
922 2709 1087 2771 adversetur,
1111 2707 1200 2760 locum
1217 2702 1279 2770 XII,

106 2779 162 2829 831.
195 2775 293 2828 enormi
309 2776 430 2829 thoracis
448 2784 473 2829 et
493 2795 566 2842 ores,
598 2777 693 2841 Wsen.
715 2779 832 2832 excusari
853 2779 944 2832 censet
961 2775 1131 2831 substantivi
1149 2790 1208 2827 eum
1227 2771 1279 2826 Ga·

106 2844 190 2897 nitivo
222 2841 414 2897 coniunctione.
450 2844 553 2898 Peedlr,
575 2861 637 2898 sane
658 2862 712 2899 nna
729 2863 789 2899 eum
809 2848 868 2899 toto
885 2863 908 2899 v.
928 2848 984 2898 244,
1004 2844 1087 2898 etiarn
1104 2842 1175 2895 hane
1193 2841 1280 2908 Copu-

107 2911 160 2964 lam
192 2910 313 2964 exsulare
342 2911 424 2965 iubet.
444 2943 475 2949 -
492 2908 558 2973 245.
593 2913 716 2966 Veneto
746 2915 905 2973 arlsictno,
935 2911 1056 2967 Ablatini
1079 2908 1279 2987 absolutipro:

109 2979 171 3032 dum
202 2977 311 3030 assidue
338 2980 509 3032 venabsmnr.
546 2980 586 3034 cf.
611 2981 715 3035 adnott.
735 2981 769 3034 ad
788 2981 853 3034 Geo.
872 2980 919 3045 IV,
938 2983 994 3033 219.
1013 2978 1094 3033 etal.
1128 2976 1281 3028 Asseclno

109 3049 197 3100 autem
227 3054 327 3098 venam
357 3046 391 3099 ad
421 3055 524 3099 totum
554 3065 657 3100 arranem
688 3048 899 3116 cognoscendum
930 3063 995 3112 opus
1025 3048 1092 3099 erut.
1120 3073 1152 3082 —
1179 3048 1283 3095 totum

109 3113 452 3235 rumpemus
483 3115 867 3236 ss‘inttlutuuu
886 3109 1283 3249 §retrusum

160 3222 167 3234 .
312 3221 318 3233 .
367 3222 374 3244 ,
445 3225 450 3235 .
567 3202 573 3216 ¹
670 3208 682 3233 ι
757 3223 763 3245 ,
965 3220 971 3232 .
1051 3224 1057 3235 .
1101 3224 1105 3233 ,
1161 3219 1166 3230 .
1203 3211 1209 3225 1

111 3250 161 3303 οὖν
191 3246 265 3317 γήρᾳ
293 3255 388 3316 βαρεῖς
413 3252 498 3319 lappe,
530 3249 638 3304 Tlreoor.
658 3249 755 3303 XXIV.
779 3253 833 3303 100.
855 3248 941 3316 βαρὺς
961 3249 1108 3306 ἐνιαυτοῖς.
1128 3276 1158 3283 -
1178 3241 1283 3321 αιιίτιιιΙ

109 3326 264 3370 matures.
300 3316 359 3371 Vitl.
390 3317 424 3370 ad
443 3319 508 3370 Aen.
530 3316 560 3378 V,
582 3321 622 3368 13.
643 3317 707 3371 Geo.
725 3317 772 3380 IV,
791 3321 849 3370 491.
870 3316 905 3370 al.
942 3315 1052 3384 Aliquot
1068 3313 1153 3367 Cedd.
1172 3309 1283 3365 secundi

110 3385 207 3438 ordinis
226 3386 297 3446 (eum
312 3384 345 3437 iis
363 3401 424 3438 vero
443 3385 523 3438 etiam
544 3384 632 3445 Item.)
651 3385 758 3450 animis,
779 3384 849 3452 quod
869 3384 902 3437 ab
920 3382 994 3436 Iaim.
1014 3383 1048 3435 ad
1068 3381 1090 3446 Ι,
1109 3385 1167 3435 411.
1186 3378 1282 3448 proba·

109 3459 174 3516 tum,
207 3450 280 3515 milri,
300 3454 330 3503 ut
349 3452 490 3520 Wagnero,
510 3451 679 3505 antecedenti
699 3452 781 3504 aversis
798 3450 889 3506 deberi
907 3450 1021 3504 videtur.
1058 3449 1118 3502 Vid.
1136 3448 1217 3502 etiem
1236 3445 1283 3525 pd-

109 3524 176 3574 nott.
208 3517 242 3571 ad
263 3518 326 3573 Gee.
345 3520 392 3583 IV,
414 3523 470 3574 132.
505 3520 629 3572 Ceterum
654 3518 1040 3585 cf.0vid.Met.vJ11,sis.
1071 3518 1163 3579 Lelem,
1191 3532 1283 3567 enemo

109 3595 229 3640 inuenerem
246 3594 271 3638 et
289 3603 364 3640 aevo.
384 3618 414 3624 ι-
434 3586 659 3640 Grandaevus
677 3589 790 3641 Aletes
808 3587 860 3639 iam
880 3587 901 3650 Ι,
924 3590 979 3639 rm.
1000 3584 1231 3638 commemoratus.
1251 3613 1283 3621 —

108 3652 171 3715 247,
202 3671 340 3723 quorum
371 3656 428 3707 eet
456 3656 588 3706 riensine
607 3654 712 3707 Troia
742 3661 796 3707 eet.
833 3654 892 3706 Vid.
925 3653 958 3707 ed
980 3653 1014 3718 ll,
1034 3657 1092 3705 1113.
1127 3651 1221 3717 Wagn.
1241 3648 1284 3701 bio

110 3723 212 3776 confert
230 3720 326 3775 Silium
345 3722 418 3785 XVI,
437 3726 494 3775 655.
525 3724 574 3774 sut
603 3722 711 3773 nurnine
740 3741 856 3790 quorem
885 3722 958 3775 Germ
980 3721 1105 3773 Troiana
1133 3736 1230 3771 suenus.
1251 3744 1284 3755 -·

110 3787 173 3852 248.
203 3789 369 3857 Comparsnt
386 3789 464 3842 Hom.
485 3789 534 3844 Od.
553 3790 599 3851 lv,
620 3793 668 3843 154
687 3807 726 3856 sq.
746 3819 778 3829 -
796 3789 873 3842 Non
902 3797 1011 3843 tamen
1040 3786 1145 3841 solandi
1163 3784 1218 3839 vim
1236 3784 1284 3837 lia-

109 3857 160 3911 bet.
197 3856 239 3910 Oi.
272 3856 378 3910 ednott.
407 3856 441 3910 ad
460 3857 515 3910 Eel.
535 3857 568 3919 X,
590 3860 631 3909 31.
662 3859 690 3909 et
717 3856 789 3910 infra
807 3873 829 3910 r.
849 3861 907 3912 315.
942 3855 1101 3909 llaudraro
1120 3856 1285 3908 autemnon

109 3932 193 3979 temen
223 3925 342 3989 omnino,
376 3925 418 3977 m'l
446 3933 534 3977 temen
564 3925 672 3977 onsrrlno
692 3924 764 3992 apud
783 3925 877 3991 poetas
895 3924 1003 3991 legItur.
1039 3920 1282 3977 miseriorum.

110 3992 153 4045 lv.
193 3996 326 4046 ,311-
345 3992 476 4045 Delere
504 3993 537 4045 od
570 3991 1081 4061 heminesrelatumlegIturetiama
1102 3988 1225 4043 ,Lucan
1247 3986 1283 4047 II,

110 4063 148 4116 61.
166 4009 261 4115 lilium
283 4059 304 4123 1,
324 4063 382 4112 514.
401 4060 436 4120 ΙΙ,
460 4064 514 4113 165.
535 4060 595 4121 Vll,
615 4063 672 4112 649.
691 4060 737 4123 ΙΙΙ,
759 4064 799 4124 39,
819 4063 877 4112 631.
907 4058 1004 4112 (lland.
1023 4056 1052 4110 in
1093 4058 1181 4134 utrpp.
1201 4054 1223 4115 I,
1243 4055 1284 4106 96.

110 4127 183 4181 Caes.
208 4128 239 4180 B.
264 4126 294 4180 C.
315 4127 365 4186 III,
392 4131 431 4180 m.
463 4129 530 4181 lust.
551 4128 586 4191 ll,
612 4131 635 4188 8,
656 4130 679 4179 3.
715 4127 757 4178 Of.
776 4126 869 4179 Heius.
899 4129 927 4181 et
946 4125 1028 4179 Drsk.
1060 4123 1094 4177 sd
1112 4123 1159 4177 Sil.
1179 4120 1226 4183 IX,
1245 4122 1285 4172 39.

111 4194 304 4266 -peratis
340 4194 381 4247 Cl'.
402 4195 475 4253 VIII,
494 4200 551 4250 416.
583 4195 699 4261 Ιιιῌνσ
728 4202 819 4246 eostre
846 4211 921 4263 paro
951 4196 979 4247 et
1008 4190 1141 4269 imprimis
1159 4188 1195 4249 ΙΙ,
1220 4190 1285 4248 lm,

110 4264 154 4316 ubi
180 4279 287 4333 parare
317 4261 349 4315 de
377 4262 433 4314 lato
452 4261 559 4328 dieitur,
592 4264 624 4314 ut
637 4213 685 4314 bie
703 4261 735 4314 de
754 4261 814 4314 diis.
851 4262 977 4316 Ceterum
995 4260 1028 4314 of.
1047 4257 1143 4311 similis
1161 4255 1235 4308 loeus
1253 4253 1285 4320 V,

110 4334 163 4384 661.
185 4362 215 4369 -
232 4326 296 4390 249.
319 4329 394 4383 Cum
412 4329 551 4383 tulistis.
587 4328 753 4382 Indicetivuu
772 4329 887 4398 positus,
907 4328 1020 4397 quiade
1041 4343 1069 4379 re
1087 4325 1186 4392 egitur,
1205 4338 1286 4391 qnam

112 4397 198 4452 Aletes
226 4400 327 4450 certam
347 4396 563 4466 exploratamque
581 4413 640 4448 esse
660 4413 690 4449 ex
708 4397 765 4465 ipso
785 4400 882 4450 eventu
900 4395 1034 4450 intellexit
1053 4396 1081 4447 et
1100 4410 1159 4470 eum
1177 4405 1287 4457 respon-

111 4465 154 4520 det
186 4466 279 4518 uostro
310 4466 409 4526 nartem,
443 4464 502 4516 inse
519 4481 573 4516 ern.
610 4463 662 4528 (01.
683 4464 738 4516 (lie.
758 4481 804 4532 pro
824 4464 902 4518 Osee.
922 4468 963 4526 21,
983 4466 1023 4515 19.
1043 4477 1090 4529 pro
1111 4458 1168 4511 Mil.
1186 4461 1227 4523 36,
1245 4461 1287 4511 99.

111 4532 142 4586 ad
159 4533 235 4587 I'sm.
255 4532 312 4595 XV,
334 4537 372 4594 11,
392 4535 414 4584 2.
445 4532 477 4584 de
519 4549 539 4583 r.
558 4531 595 4585 11.
615 4534 654 4596 31,
676 4535 730 4586 154.
751 4534 812 4591 ete.)
847 4533 933 4598 Quare
962 4530 1044 4584 etism
1062 4525 1134 4580 haud
1152 4541 1212 4578 raro
1231 4540 1286 4593 pre,

111 4603 184 4668 qued
233 4600 330 4653 unitur.
365 4600 417 4660 (Cl.
436 4599 489 4654 (tie.
518 4597 639 4666 preldil.
659 4602 699 4661 36,
718 4604 758 4655 99.
789 4600 824 4652 ad
843 4599 920 4653 I'am.
939 4598 986 4660 IX,
1008 4601 1046 4655 14.
1066 4600 1090 4648 3.
1108 4592 1183 4655 XIII,
1203 4597 1243 4655 24,
1262 4595 1285 4646 2.

111 4672 172 4738 ete.)
205 4618 323 4723 beorum
352 4671 442 4723 antem
471 4666 598 4722 beneficio
617 4667 691 4722 nasei
718 4666 786 4721 talia
806 4667 921 4734 ingente,
951 4666 1022 4719 reete
1040 4661 1172 4718 memorat
1189 4659 1285 4733 Wagn.
