<?xml version="1.0" encoding="UTF-8"?>
<!DOCTYPE html PUBLIC "-//W3C//DTD XHTML 1.0 Transitional//EN"
    "http://www.w3.org/TR/xhtml1/DTD/xhtml1-transitional.dtd">
<html xmlns="http://www.w3.org/1999/xhtml" xml:lang="en" lang="en">
 <head>
  <title>
</title>
<meta http-equiv="Content-Type" content="text/html;charset=utf-8" />
  <meta name='ocr-system' content='tesseract 3.04.00' />
  <meta name='ocr-capabilities' content='ocr_page ocr_carea ocr_par ocr_line ocrx_word'/>
</head>
<body>
  <div class='ocr_page' id='page_1' title='image "./pvirgilimaronis00forbgoog_0531.png"; bbox 0 0 2872 5070; ppageno 0'>
   <div class='ocr_carea' id='block_1_1' title="bbox 511 222 1291 291">
    <p class='ocr_par' dir='ltr' id='par_1_1' title="bbox 511 222 1291 291">
     <span class='ocr_line' id='line_1_1' title="bbox 511 222 1291 291; baseline -0.009 -1"><span class='ocrx_word' id='word_1_1' title='bbox 511 224 738 291; x_wconf 82' lang='lat' dir='ltr'>AENEIDOS</span> <span class='ocrx_word' id='word_1_2' title='bbox 762 223 846 288; x_wconf 89' lang='lat' dir='ltr'>LIB.</span> <span class='ocrx_word' id='word_1_3' title='bbox 866 223 925 288; x_wconf 88' lang='lat' dir='ltr'><strong>XI.</strong></span> <span class='ocrx_word' id='word_1_4' title='bbox 1231 222 1291 284; x_wconf 83' lang='grc'><strong>189</strong></span> 
     </span>
    </p>
   </div>
   <div class='ocr_carea' id='block_1_2' title="bbox 128 390 1300 1470">
    <p class='ocr_par' dir='ltr' id='par_1_2' title="bbox 128 390 1300 1470">
     <span class='ocr_line' id='line_1_2' title="bbox 128 390 873 476; baseline -0.012 -14"><span class='ocrx_word' id='word_1_5' title='bbox 128 395 285 476; x_wconf 87' lang='lat' dir='ltr'><strong>Bellator,</strong></span> <span class='ocrx_word' id='word_1_6' title='bbox 308 392 444 458; x_wconf 86' lang='lat' dir='ltr'><strong>solidum</strong></span> <span class='ocrx_word' id='word_1_7' title='bbox 465 390 560 456; x_wconf 88' lang='lat' dir='ltr'><strong>nodis</strong></span> <span class='ocrx_word' id='word_1_8' title='bbox 582 400 613 455; x_wconf 90' lang='lat' dir='ltr'><strong>et</strong></span> <span class='ocrx_word' id='word_1_9' title='bbox 633 391 751 457; x_wconf 90' lang='lat' dir='ltr'><strong>robore</strong></span> <span class='ocrx_word' id='word_1_10' title='bbox 772 398 873 470; x_wconf 92' lang='lat' dir='ltr'><strong>cocto,</strong></span> 
     </span>
     <span class='ocr_line' id='line_1_3' title="bbox 128 471 968 545; baseline -0.012 -1"><span class='ocrx_word' id='word_1_11' title='bbox 128 481 216 545; x_wconf 87' lang='lat' dir='ltr'><strong>Huic</strong></span> <span class='ocrx_word' id='word_1_12' title='bbox 237 487 348 542; x_wconf 87' lang='lat' dir='ltr'><strong>natam</strong></span> <span class='ocrx_word' id='word_1_13' title='bbox 367 474 451 539; x_wconf 92' lang='lat' dir='ltr'><strong>libro</strong></span> <span class='ocrx_word' id='word_1_14' title='bbox 473 483 505 538; x_wconf 93' lang='lat' dir='ltr'><strong>et</strong></span> <span class='ocrx_word' id='word_1_15' title='bbox 525 474 665 539; x_wconf 89' lang='lat' dir='ltr'><strong>silvestri</strong></span> <span class='ocrx_word' id='word_1_16' title='bbox 686 472 803 539; x_wconf 80' lang='lat' dir='ltr'>subere</span> <span class='ocrx_word' id='word_1_17' title='bbox 826 471 968 536; x_wconf 90' lang='lat' dir='ltr'><strong>clausam</strong></span> 
     </span>
     <span class='ocr_line' id='line_1_4' title="bbox 129 552 1298 703; baseline -0.015 -76"><span class='ocrx_word' id='word_1_18' title='bbox 129 563 270 648; x_wconf 86' lang='lat' dir='ltr'><strong>Inplicat</strong></span> <span class='ocrx_word' id='word_1_19' title='bbox 291 568 388 645; x_wconf 89' lang='lat' dir='ltr'><strong>atque</strong></span> <span class='ocrx_word' id='word_1_20' title='bbox 410 556 549 622; x_wconf 91' lang='lat' dir='ltr'><strong>habilem</strong></span> <span class='ocrx_word' id='word_1_21' title='bbox 572 556 698 622; x_wconf 88' lang='lat' dir='ltr'><strong>mediae</strong></span> <span class='ocrx_word' id='word_1_22' title='bbox 722 555 926 703; x_wconf 47' lang='lat' dir='ltr'><strong>circumliffiat</strong></span> <span class='ocrx_word' id='word_1_23' title='bbox 947 552 1061 618; x_wconf 87' lang='lat' dir='ltr'><strong>hastae</strong></span> <span class='ocrx_word' id='word_1_24' title='bbox 1248 561 1298 612; x_wconf 87' lang='grc'><strong>555</strong></span> 
     </span>
     <span class='ocr_line' id='line_1_5' title="bbox 132 636 1077 727; baseline -0.012 -18"><span class='ocrx_word' id='word_1_25' title='bbox 132 646 239 727; x_wconf 81' lang='lat' dir='ltr'><strong>Quam</strong></span> <span class='ocrx_word' id='word_1_26' title='bbox 262 643 379 706; x_wconf 83' lang='lat' dir='ltr'><strong>dextra</strong></span> <span class='ocrx_word' id='word_1_27' title='bbox 400 641 523 726; x_wconf 84' lang='lat' dir='ltr'>ingenti</span> <span class='ocrx_word' id='word_1_28' title='bbox 543 638 665 704; x_wconf 88' lang='lat' dir='ltr'><strong>librans</strong></span> <span class='ocrx_word' id='word_1_29' title='bbox 688 640 735 704; x_wconf 91' lang='lat' dir='ltr'><strong>ita</strong></span> <span class='ocrx_word' id='word_1_30' title='bbox 756 637 799 703; x_wconf 89' lang='lat' dir='ltr'><strong>ad</strong></span> <span class='ocrx_word' id='word_1_31' title='bbox 821 649 873 703; x_wconf 90' lang='lat' dir='ltr'><strong>aet</strong></span> <span class='ocrx_word' id='word_1_32' title='bbox 897 659 954 702; x_wconf 90' lang='lat' dir='ltr'><strong>era</strong></span> <span class='ocrx_word' id='word_1_33' title='bbox 975 636 1077 700; x_wconf 85' lang='lat' dir='ltr'><strong>fatur:</strong></span> 
     </span>
     <span class='ocr_line' id='line_1_6' title="bbox 133 720 1091 810; baseline -0.009 -18"><span class='ocrx_word' id='word_1_34' title='bbox 133 727 262 810; x_wconf 65' lang='lat' dir='ltr'><strong>„Alma</strong></span> <span class='ocrx_word' id='word_1_35' title='bbox 284 723 344 788; x_wconf 89' lang='lat' dir='ltr'><strong>tibi</strong></span> <span class='ocrx_word' id='word_1_36' title='bbox 366 721 461 804; x_wconf 89' lang='lat' dir='ltr'><strong>hanc,</strong></span> <span class='ocrx_word' id='word_1_37' title='bbox 483 745 649 787; x_wconf 90' lang='lat' dir='ltr'><strong>nemorum</strong></span> <span class='ocrx_word' id='word_1_38' title='bbox 672 720 802 803; x_wconf 86' lang='lat' dir='ltr'><strong>cultrix,</strong></span> <span class='ocrx_word' id='word_1_39' title='bbox 823 720 965 785; x_wconf 87' lang='lat' dir='ltr'><strong>Latonia</strong></span> <span class='ocrx_word' id='word_1_40' title='bbox 985 720 1091 803; x_wconf 87' lang='lat' dir='ltr'><strong>virgo,</strong></span> 
     </span>
     <span class='ocr_line' id='line_1_7' title="bbox 130 804 1034 903; baseline -0.01 -29"><span class='ocrx_word' id='word_1_41' title='bbox 130 813 143 874; x_wconf 89' lang='grc' dir='ltr'><strong>Ι</strong></span> <span class='ocrx_word' id='word_1_42' title='bbox 171 832 204 873; x_wconf 86' lang='grc'><strong>55</strong></span> <span class='ocrx_word' id='word_1_43' title='bbox 227 816 320 894; x_wconf 89' lang='lat' dir='ltr'><strong>pater</strong></span> <span class='ocrx_word' id='word_1_44' title='bbox 341 806 495 870; x_wconf 85' lang='lat' dir='ltr'><strong>famulam</strong></span> <span class='ocrx_word' id='word_1_45' title='bbox 512 825 631 870; x_wconf 87' lang='lat' dir='ltr'><strong>voveo:</strong></span> <span class='ocrx_word' id='word_1_46' title='bbox 652 813 708 870; x_wconf 89' lang='lat' dir='ltr'><strong>tua</strong></span> <span class='ocrx_word' id='word_1_47' title='bbox 729 804 836 903; x_wconf 90' lang='lat' dir='ltr'><strong>prima</strong></span> <span class='ocrx_word' id='word_1_48' title='bbox 856 825 914 888; x_wconf 91' lang='lat' dir='ltr'><strong>per</strong></span> <span class='ocrx_word' id='word_1_49' title='bbox 937 823 1034 866; x_wconf 86' lang='lat' dir='ltr'><strong>auras</strong></span> 
     </span>
     <span class='ocr_line' id='line_1_8' title="bbox 163 883 1070 974; baseline -0.01 -18"><span class='ocrx_word' id='word_1_50' title='bbox 163 891 213 956; x_wconf 89' lang='grc'><strong>515</strong></span> <span class='ocrx_word' id='word_1_51' title='bbox 234 899 345 954; x_wconf 86' lang='grc'><strong>555555</strong></span> <span class='ocrx_word' id='word_1_52' title='bbox 364 887 503 974; x_wconf 83' lang='lat' dir='ltr'><strong>supplex</strong></span> <span class='ocrx_word' id='word_1_53' title='bbox 525 886 650 951; x_wconf 82' lang='lat' dir='ltr'>hostem</span> <span class='ocrx_word' id='word_1_54' title='bbox 671 886 763 971; x_wconf 77' lang='lat' dir='ltr'><strong>fugit.</strong></span> <span class='ocrx_word' id='word_1_55' title='bbox 806 883 939 970; x_wconf 83' lang='lat' dir='ltr'><strong>Accipe,</strong></span> <span class='ocrx_word' id='word_1_56' title='bbox 959 893 1070 965; x_wconf 88' lang='lat' dir='ltr'><strong>testor,</strong></span> 
     </span>
     <span class='ocr_line' id='line_1_9' title="bbox 131 966 1300 1055; baseline -0.014 -16"><span class='ocrx_word' id='word_1_57' title='bbox 131 975 221 1040; x_wconf 91' lang='lat' dir='ltr'><strong>Diva</strong></span> <span class='ocrx_word' id='word_1_58' title='bbox 242 981 339 1051; x_wconf 89' lang='lat' dir='ltr'><strong>tuam,</strong></span> <span class='ocrx_word' id='word_1_59' title='bbox 363 992 445 1055; x_wconf 90' lang='lat' dir='ltr'><strong>quae</strong></span> <span class='ocrx_word' id='word_1_60' title='bbox 466 991 552 1033; x_wconf 90' lang='lat' dir='ltr'><strong>nunc</strong></span> <span class='ocrx_word' id='word_1_61' title='bbox 573 966 679 1032; x_wconf 92' lang='lat' dir='ltr'><strong>dubiis</strong></span> <span class='ocrx_word' id='word_1_62' title='bbox 701 968 910 1034; x_wconf 86' lang='lat' dir='ltr'><strong>committitur</strong></span> <span class='ocrx_word' id='word_1_63' title='bbox 933 967 1053 1031; x_wconf 85' lang='lat' dir='ltr'><strong>auris.“</strong></span> <span class='ocrx_word' id='word_1_64' title='bbox 1250 975 1300 1025; x_wconf 84' lang='grc'><strong>550</strong></span> 
     </span>
     <span class='ocr_line' id='line_1_10' title="bbox 131 1048 928 1122; baseline -0.009 -1"><span class='ocrx_word' id='word_1_65' title='bbox 131 1057 228 1122; x_wconf 85' lang='lat' dir='ltr'><strong>Dixit</strong></span> <span class='ocrx_word' id='word_1_66' title='bbox 249 1063 281 1119; x_wconf 88' lang='lat' dir='ltr'><strong>et</strong></span> <span class='ocrx_word' id='word_1_67' title='bbox 302 1052 442 1118; x_wconf 89' lang='lat' dir='ltr'><strong>adducto</strong></span> <span class='ocrx_word' id='word_1_68' title='bbox 466 1059 645 1115; x_wconf 88' lang='lat' dir='ltr'><strong>contortum</strong></span> <span class='ocrx_word' id='word_1_69' title='bbox 668 1050 786 1115; x_wconf 90' lang='lat' dir='ltr'><strong>hastile</strong></span> <span class='ocrx_word' id='word_1_70' title='bbox 807 1048 928 1114; x_wconf 90' lang='lat' dir='ltr'><strong>lacerto</strong></span> 
     </span>
     <span class='ocr_line' id='line_1_11' title="bbox 132 1132 1026 1231; baseline -0.011 -27"><span class='ocrx_word' id='word_1_71' title='bbox 132 1139 286 1204; x_wconf 88' lang='lat' dir='ltr'><strong>Inmittit:</strong></span> <span class='ocrx_word' id='word_1_72' title='bbox 308 1156 445 1201; x_wconf 90' lang='lat' dir='ltr'><strong>sonuere</strong></span> <span class='ocrx_word' id='word_1_73' title='bbox 467 1133 583 1215; x_wconf 87' lang='lat' dir='ltr'><strong>undae,</strong></span> <span class='ocrx_word' id='word_1_74' title='bbox 605 1132 758 1220; x_wconf 89' lang='lat' dir='ltr'><strong>rapidum</strong></span> <span class='ocrx_word' id='word_1_75' title='bbox 780 1153 876 1231; x_wconf 85' lang='lat' dir='ltr'><strong>super</strong></span> <span class='ocrx_word' id='word_1_76' title='bbox 899 1152 1026 1196; x_wconf 91' lang='lat' dir='ltr'><strong>amnem</strong></span> 
     </span>
     <span class='ocr_line' id='line_1_12' title="bbox 131 1214 886 1304; baseline -0.011 -18"><span class='ocrx_word' id='word_1_77' title='bbox 131 1220 251 1286; x_wconf 85' lang='lat' dir='ltr'><strong>Infelix</strong></span> <span class='ocrx_word' id='word_1_78' title='bbox 274 1219 358 1304; x_wconf 86' lang='lat' dir='ltr'><strong>fugit</strong></span> <span class='ocrx_word' id='word_1_79' title='bbox 379 1219 412 1282; x_wconf 93' lang='lat' dir='ltr'><strong>in</strong></span> <span class='ocrx_word' id='word_1_80' title='bbox 433 1216 539 1282; x_wconf 89' lang='lat' dir='ltr'><strong>iaculo</strong></span> <span class='ocrx_word' id='word_1_81' title='bbox 562 1215 719 1282; x_wconf 89' lang='lat' dir='ltr'><strong>stridente</strong></span> <span class='ocrx_word' id='word_1_82' title='bbox 740 1214 886 1281; x_wconf 78' lang='lat' dir='ltr'><strong>Camllla.</strong></span> 
     </span>
     <span class='ocr_line' id='line_1_13' title="bbox 131 1300 1064 1386; baseline -0.008 -18"><span class='ocrx_word' id='word_1_83' title='bbox 131 1304 176 1368; x_wconf 81' lang='lat' dir='ltr'><strong>At</strong></span> <span class='ocrx_word' id='word_1_84' title='bbox 197 1300 348 1368; x_wconf 82' lang='lat' dir='ltr'>Metabus</span> <span class='ocrx_word' id='word_1_85' title='bbox 369 1322 489 1386; x_wconf 86' lang='lat' dir='ltr'><strong>magna</strong></span> <span class='ocrx_word' id='word_1_86' title='bbox 509 1300 645 1386; x_wconf 87' lang='lat' dir='ltr'><strong>propius</strong></span> <span class='ocrx_word' id='word_1_87' title='bbox 667 1301 732 1364; x_wconf 89' lang='lat' dir='ltr'><strong>iam</strong></span> <span class='ocrx_word' id='word_1_88' title='bbox 754 1306 910 1384; x_wconf 85' lang='lat' dir='ltr'><strong>urguente</strong></span> <span class='ocrx_word' id='word_1_89' title='bbox 932 1307 1064 1362; x_wconf 91' lang='lat' dir='ltr'><strong>caterva</strong></span> 
     </span>
     <span class='ocr_line' id='line_1_14' title="bbox 132 1381 1299 1470; baseline -0.008 -20"><span class='ocrx_word' id='word_1_90' title='bbox 132 1387 200 1450; x_wconf 86' lang='lat' dir='ltr'><strong>Dat</strong></span> <span class='ocrx_word' id='word_1_91' title='bbox 223 1408 294 1450; x_wconf 90' lang='lat' dir='ltr'><strong>sese</strong></span> <span class='ocrx_word' id='word_1_92' title='bbox 316 1384 415 1448; x_wconf 90' lang='lat' dir='ltr'><strong>fluvio</strong></span> <span class='ocrx_word' id='word_1_93' title='bbox 436 1393 532 1470; x_wconf 90' lang='lat' dir='ltr'><strong>atque</strong></span> <span class='ocrx_word' id='word_1_94' title='bbox 553 1382 680 1447; x_wconf 87' lang='lat' dir='ltr'><strong>hastam</strong></span> <span class='ocrx_word' id='word_1_95' title='bbox 703 1405 775 1446; x_wconf 86' lang='lat' dir='ltr'><strong>curn</strong></span> <span class='ocrx_word' id='word_1_96' title='bbox 797 1381 1049 1468; x_wconf 32' lang='lat' dir='ltr'><strong>virginessvictor</strong></span> <span class='ocrx_word' id='word_1_97' title='bbox 1249 1392 1299 1442; x_wconf 85' lang='grc'><strong>565</strong></span> 
     </span>
    </p>
   </div>
   <div class='ocr_carea' id='block_1_3' title="bbox 133 1585 339 1600">
    <p class='ocr_par' dir='ltr' id='par_1_3' title="bbox 133 1585 339 1600">
     <span class='ocr_line' id='line_1_15' title="bbox 133 1585 339 1600; baseline 0 -6"><span class='ocrx_word' id='word_1_98' title='bbox 133 1585 339 1600; x_wconf 33' lang='lat' dir='ltr'><strong>...ff—q</strong></span> 
     </span>
    </p>
   </div>
   <div class='ocr_carea' id='block_1_4' title="bbox 128 1726 1380 3626">
    <p class='ocr_par' dir='ltr' id='par_1_4' title="bbox 128 1726 1303 3261">
     <span class='ocr_line' id='line_1_16' title="bbox 131 1726 1302 1800; baseline 0.001 -20"><span class='ocrx_word' id='word_1_99' title='bbox 131 1727 193 1792; x_wconf 85' lang='lat' dir='ltr'>XII,</span> <span class='ocrx_word' id='word_1_100' title='bbox 223 1730 291 1786; x_wconf 86' lang='grc'><strong>206.,</strong></span> <span class='ocrx_word' id='word_1_101' title='bbox 330 1727 376 1780; x_wconf 91' lang='lat' dir='ltr'><strong>nbi</strong></span> <span class='ocrx_word' id='word_1_102' title='bbox 413 1727 527 1797; x_wconf 83' lang='lat' dir='ltr'><strong>legimus</strong></span> <span class='ocrx_word' id='word_1_103' title='bbox 557 1731 656 1783; x_wconf 76' lang='lat' dir='ltr'><strong>deutra</strong></span> <span class='ocrx_word' id='word_1_104' title='bbox 687 1736 822 1800; x_wconf 79' lang='lat' dir='ltr'><strong>sceptrum</strong></span> <span class='ocrx_word' id='word_1_105' title='bbox 850 1747 915 1783; x_wconf 82' lang='lat' dir='ltr'><strong>uam</strong></span> <span class='ocrx_word' id='word_1_106' title='bbox 945 1731 1019 1793; x_wconf 77' lang='lat' dir='ltr'><strong>sorte</strong></span> <span class='ocrx_word' id='word_1_107' title='bbox 1043 1731 1160 1798; x_wconf 77' lang='grc'><strong>5555655,</strong></span> <span class='ocrx_word' id='word_1_108' title='bbox 1190 1726 1302 1781; x_wconf 81' lang='lat' dir='ltr'><strong>valdee</strong></span> 
     </span>
     <span class='ocr_line' id='line_1_17' title="bbox 135 1793 1302 1865; baseline 0 -18"><span class='ocrx_word' id='word_1_109' title='bbox 135 1797 227 1847; x_wconf 90' lang='lat' dir='ltr'><strong>nostro</strong></span> <span class='ocrx_word' id='word_1_110' title='bbox 246 1793 362 1856; x_wconf 82' lang='lat' dir='ltr'><strong>differat,</strong></span> <span class='ocrx_word' id='word_1_111' title='bbox 392 1795 554 1850; x_wconf 87' lang='lat' dir='ltr'><strong>nemetiam</strong></span> <span class='ocrx_word' id='word_1_112' title='bbox 573 1813 616 1851; x_wconf 87' lang='lat' dir='ltr'><strong>soe</strong></span> <span class='ocrx_word' id='word_1_113' title='bbox 635 1799 708 1850; x_wconf 86' lang='lat' dir='ltr'><strong>trum</strong></span> <span class='ocrx_word' id='word_1_114' title='bbox 725 1813 801 1865; x_wconf 87' lang='lat' dir='ltr'><strong>reges</strong></span> <span class='ocrx_word' id='word_1_115' title='bbox 817 1796 906 1851; x_wconf 87' lang='lat' dir='ltr'><strong>solent</strong></span> <span class='ocrx_word' id='word_1_116' title='bbox 922 1812 1020 1865; x_wconf 78' lang='lat' dir='ltr'><strong>gerere.</strong></span> <span class='ocrx_word' id='word_1_117' title='bbox 1049 1826 1083 1835; x_wconf 92' lang='lat'><em>-</em></span> <span class='ocrx_word' id='word_1_118' title='bbox 1106 1794 1170 1858; x_wconf 83' lang='lat'>553.</span> <span class='ocrx_word' id='word_1_119' title='bbox 1188 1794 1249 1849; x_wconf 88' lang='lat' dir='ltr'><strong>Vid.</strong></span> <span class='ocrx_word' id='word_1_120' title='bbox 1267 1793 1302 1848; x_wconf 84' lang='lat' dir='ltr'><strong>ad</strong></span> 
     </span>
     <span class='ocr_line' id='line_1_18' title="bbox 132 1814 1301 1930; baseline 0.001 -16"><span class='ocrx_word' id='word_1_121' title='bbox 132 1878 157 1917; x_wconf 82' lang='lat' dir='ltr'><strong>v.</strong></span> <span class='ocrx_word' id='word_1_122' title='bbox 178 1865 219 1915; x_wconf 85' lang='grc'><strong>69.</strong></span> <span class='ocrx_word' id='word_1_123' title='bbox 241 1892 269 1900; x_wconf 50' lang='lat'><strong><em>*</em></strong></span> <span class='ocrx_word' id='word_1_124' title='bbox 289 1862 437 1916; x_wconf 81' lang='lat' dir='ltr'><strong>solidum</strong></span> <span class='ocrx_word' id='word_1_125' title='bbox 454 1864 561 1917; x_wconf 80' lang='lat' dir='ltr'><strong>nodia.</strong></span> <span class='ocrx_word' id='word_1_126' title='bbox 596 1814 638 1917; x_wconf 74' lang='grc'><strong>(11.</strong></span> <span class='ocrx_word' id='word_1_127' title='bbox 652 1863 712 1930; x_wconf 84' lang='lat' dir='ltr'>VII,</span> <span class='ocrx_word' id='word_1_128' title='bbox 731 1868 788 1917; x_wconf 79' lang='grc'><strong>507.</strong></span> <span class='ocrx_word' id='word_1_129' title='bbox 807 1863 885 1925; x_wconf 89' lang='lat' dir='ltr'>VIII,</span> <span class='ocrx_word' id='word_1_130' title='bbox 903 1867 960 1917; x_wconf 74' lang='lat'>220.</span> <span class='ocrx_word' id='word_1_131' title='bbox 980 1863 1040 1918; x_wconf 86' lang='lat' dir='ltr'><strong>Val.</strong></span> <span class='ocrx_word' id='word_1_132' title='bbox 1060 1862 1100 1917; x_wconf 85' lang='lat' dir='ltr'><strong>Fl.</strong></span> <span class='ocrx_word' id='word_1_133' title='bbox 1119 1863 1169 1925; x_wconf 90' lang='grc' dir='ltr'><strong>ΙΗ,</strong></span> <span class='ocrx_word' id='word_1_134' title='bbox 1191 1865 1247 1916; x_wconf 77' lang='grc'><strong>126.</strong></span> <span class='ocrx_word' id='word_1_135' title='bbox 1264 1861 1301 1927; x_wconf 94' lang='grc' dir='ltr'><strong>ΙΙ,</strong></span> 
     </span>
     <span class='ocr_line' id='line_1_19' title="bbox 135 1927 1300 1999; baseline 0.001 -18"><span class='ocrx_word' id='word_1_136' title='bbox 135 1932 192 1982; x_wconf 82' lang='grc'><strong>531.</strong></span> <span class='ocrx_word' id='word_1_137' title='bbox 212 1931 277 1983; x_wconf 86' lang='lat' dir='ltr'><strong>cett.</strong></span> <span class='ocrx_word' id='word_1_138' title='bbox 304 1960 337 1968; x_wconf 93' lang='lat'><em>-</em></span> <span class='ocrx_word' id='word_1_139' title='bbox 360 1929 483 1983; x_wconf 83' lang='lat' dir='ltr'><strong>robore</strong></span> <span class='ocrx_word' id='word_1_140' title='bbox 510 1939 620 1999; x_wconf 83' lang='lat' dir='ltr'><strong>cocto,</strong></span> <span class='ocrx_word' id='word_1_141' title='bbox 645 1931 700 1984; x_wconf 91' lang='lat' dir='ltr'><strong>ini</strong></span> <span class='ocrx_word' id='word_1_142' title='bbox 719 1933 825 1998; x_wconf 87' lang='lat' dir='ltr'><strong>durato,</strong></span> <span class='ocrx_word' id='word_1_143' title='bbox 843 1929 971 1986; x_wconf 83' lang='lat' dir='ltr'><strong>ustulato.</strong></span> <span class='ocrx_word' id='word_1_144' title='bbox 1007 1931 1047 1984; x_wconf 86' lang='lat' dir='ltr'><strong>Cl.</strong></span> <span class='ocrx_word' id='word_1_145' title='bbox 1066 1931 1171 1984; x_wconf 88' lang='lat' dir='ltr'><strong>adnott.</strong></span> <span class='ocrx_word' id='word_1_146' title='bbox 1189 1930 1223 1982; x_wconf 89' lang='lat' dir='ltr'><strong>ad</strong></span> <span class='ocrx_word' id='word_1_147' title='bbox 1240 1927 1300 1991; x_wconf 86' lang='lat' dir='ltr'>VII,</span> 
     </span>
     <span class='ocr_line' id='line_1_20' title="bbox 132 1996 1302 2066; baseline 0.002 -18"><span class='ocrx_word' id='word_1_148' title='bbox 132 1999 189 2049; x_wconf 83' lang='grc'><strong>524.</strong></span> <span class='ocrx_word' id='word_1_149' title='bbox 225 1997 265 2049; x_wconf 84' lang='grc'><strong>115</strong></span> <span class='ocrx_word' id='word_1_150' title='bbox 283 2014 316 2050; x_wconf 86' lang='grc'><strong>55</strong></span> <span class='ocrx_word' id='word_1_151' title='bbox 338 1999 422 2050; x_wconf 69' lang='lat' dir='ltr'><strong>uendi</strong></span> <span class='ocrx_word' id='word_1_152' title='bbox 437 1998 517 2051; x_wconf 87' lang='lat' dir='ltr'><strong>verbo</strong></span> <span class='ocrx_word' id='word_1_153' title='bbox 535 1998 588 2052; x_wconf 90' lang='lat' dir='ltr'><strong>vid.</strong></span> <span class='ocrx_word' id='word_1_154' title='bbox 606 1998 640 2052; x_wconf 90' lang='lat' dir='ltr'><strong>ad</strong></span> <span class='ocrx_word' id='word_1_155' title='bbox 682 1998 718 2066; x_wconf 93' lang='lat' dir='ltr'><strong>II,</strong></span> <span class='ocrx_word' id='word_1_156' title='bbox 737 2003 794 2053; x_wconf 88' lang='grc'><strong>636.</strong></span> <span class='ocrx_word' id='word_1_157' title='bbox 822 1997 867 2052; x_wconf 91' lang='lat' dir='ltr'><strong>nbi</strong></span> <span class='ocrx_word' id='word_1_158' title='bbox 884 1997 954 2053; x_wconf 86' lang='lat' dir='ltr'><strong>addo</strong></span> <span class='ocrx_word' id='word_1_159' title='bbox 972 1998 1061 2052; x_wconf 89' lang='lat' dir='ltr'><strong>Bentl.</strong></span> <span class='ocrx_word' id='word_1_160' title='bbox 1079 1997 1113 2051; x_wconf 89' lang='lat' dir='ltr'><strong>ad</strong></span> <span class='ocrx_word' id='word_1_161' title='bbox 1131 1997 1195 2051; x_wconf 87' lang='lat' dir='ltr'><strong>Hor.</strong></span> <span class='ocrx_word' id='word_1_162' title='bbox 1212 1996 1262 2052; x_wconf 83' lang='lat' dir='ltr'><strong>ed.</strong></span> <span class='ocrx_word' id='word_1_163' title='bbox 1279 1996 1302 2058; x_wconf 86' lang='lat'><strong>1,</strong></span> 
     </span>
     <span class='ocr_line' id='line_1_21' title="bbox 131 2039 1300 2144; baseline 0.002 -28"><span class='ocrx_word' id='word_1_164' title='bbox 131 2067 174 2125; x_wconf 86' lang='grc'><strong>35,</strong></span> <span class='ocrx_word' id='word_1_165' title='bbox 193 2066 234 2116; x_wconf 83' lang='lat'><strong>³9.</strong></span> <span class='ocrx_word' id='word_1_166' title='bbox 253 2065 297 2143; x_wconf 76' lang='lat' dir='ltr'><strong>et¹</strong></span> <span class='ocrx_word' id='word_1_167' title='bbox 325 2081 414 2118; x_wconf 84' lang='lat' dir='ltr'><strong>ronov.</strong></span> <span class='ocrx_word' id='word_1_168' title='bbox 433 2064 509 2120; x_wconf 90' lang='lat' dir='ltr'><strong>Obss.</strong></span> <span class='ocrx_word' id='word_1_169' title='bbox 528 2064 574 2129; x_wconf 92' lang='lat' dir='ltr'><strong>IV,</strong></span> <span class='ocrx_word' id='word_1_170' title='bbox 594 2068 634 2118; x_wconf 79' lang='lat'><strong>21.</strong></span> <span class='ocrx_word' id='word_1_171' title='bbox 652 2068 689 2134; x_wconf 90' lang='grc'><strong>(5.</strong></span> <span class='ocrx_word' id='word_1_172' title='bbox 708 2070 765 2121; x_wconf 87' lang='grc'><strong>504.</strong></span> <span class='ocrx_word' id='word_1_173' title='bbox 785 2039 926 2132; x_wconf 53' lang='lat' dir='ltr'><strong>liemon),</strong></span> <span class='ocrx_word' id='word_1_174' title='bbox 951 2082 1018 2135; x_wconf 85' lang='lat' dir='ltr'><strong>quos</strong></span> <span class='ocrx_word' id='word_1_175' title='bbox 1036 2065 1119 2119; x_wconf 84' lang='lat' dir='ltr'><strong>Thicl.</strong></span> <span class='ocrx_word' id='word_1_176' title='bbox 1139 2064 1182 2118; x_wconf 88' lang='lat' dir='ltr'><strong>hic</strong></span> <span class='ocrx_word' id='word_1_177' title='bbox 1198 2063 1300 2144; x_wconf 76' lang='lat' dir='ltr'><strong>laudat.</strong></span> 
     </span>
     <span class='ocr_line' id='line_1_22' title="bbox 133 2128 1302 2200; baseline 0.001 -17"><span class='ocrx_word' id='word_1_178' title='bbox 133 2160 163 2169; x_wconf 90' lang='lat'><strong>—-</strong></span> <span class='ocrx_word' id='word_1_179' title='bbox 184 2128 961 2200; x_wconf 73' lang='grc' dir='ltr'><strong>554.1555555551555555555555(ἓν6551515515).</strong></span> <span class='ocrx_word' id='word_1_180' title='bbox 990 2164 1023 2173; x_wconf 92' lang='lat'><em>-</em></span> <span class='ocrx_word' id='word_1_181' title='bbox 1052 2133 1233 2199; x_wconf 84' lang='lat' dir='ltr'><strong>„clauaam,</strong></span> <span class='ocrx_word' id='word_1_182' title='bbox 1261 2146 1302 2184; x_wconf 81' lang='lat' dir='ltr'><strong>rn-</strong></span> 
     </span>
     <span class='ocr_line' id='line_1_23' title="bbox 131 2197 1301 2269; baseline 0.003 -20"><span class='ocrx_word' id='word_1_183' title='bbox 131 2197 251 2251; x_wconf 87' lang='lat' dir='ltr'><strong>volutam</strong></span> <span class='ocrx_word' id='word_1_184' title='bbox 263 2198 367 2253; x_wconf 90' lang='lat' dir='ltr'><strong>cortice.</strong></span> <span class='ocrx_word' id='word_1_185' title='bbox 388 2199 496 2254; x_wconf 88' lang='lat' dir='ltr'><strong>Suberis</strong></span> <span class='ocrx_word' id='word_1_186' title='bbox 509 2216 538 2253; x_wconf 92' lang='lat' dir='ltr'><strong>co</strong></span> <span class='ocrx_word' id='word_1_187' title='bbox 558 2200 612 2253; x_wconf 88' lang='lat' dir='ltr'><strong>iam</strong></span> <span class='ocrx_word' id='word_1_188' title='bbox 624 2201 650 2253; x_wconf 92' lang='lat' dir='ltr'><strong>in</strong></span> <span class='ocrx_word' id='word_1_189' title='bbox 663 2199 785 2255; x_wconf 88' lang='lat' dir='ltr'><strong>Priverni</strong></span> <span class='ocrx_word' id='word_1_190' title='bbox 796 2200 869 2269; x_wconf 83' lang='lat' dir='ltr'><strong>agris</strong></span> <span class='ocrx_word' id='word_1_191' title='bbox 881 2201 955 2255; x_wconf 89' lang='lat' dir='ltr'><strong>nasci</strong></span> <span class='ocrx_word' id='word_1_192' title='bbox 967 2201 1119 2256; x_wconf 71' lang='lat' dir='ltr'><strong>observavit</strong></span> <span class='ocrx_word' id='word_1_193' title='bbox 1130 2199 1253 2269; x_wconf 85' lang='lat' dir='ltr'><strong>Sponins.</strong></span> <span class='ocrx_word' id='word_1_194' title='bbox 1269 2228 1301 2237; x_wconf 94' lang='lat'><em>-</em></span> 
     </span>
     <span class='ocr_line' id='line_1_24' title="bbox 131 2215 1303 2345; baseline 0.001 -27"><span class='ocrx_word' id='word_1_195' title='bbox 131 2264 195 2326; x_wconf 89' lang='lat'>555.</span> <span class='ocrx_word' id='word_1_196' title='bbox 215 2265 375 2328; x_wconf 73' lang='lat' dir='ltr'><strong>habilem,</strong></span> <span class='ocrx_word' id='word_1_197' title='bbox 395 2266 435 2320; x_wconf 86' lang='lat' dir='ltr'><strong>ita</strong></span> <span class='ocrx_word' id='word_1_198' title='bbox 452 2215 601 2329; x_wconf 68' lang='grc'><strong>55551551,</strong></span> <span class='ocrx_word' id='word_1_199' title='bbox 620 2269 740 2332; x_wconf 81' lang='lat' dir='ltr'><strong>tractari,</strong></span> <span class='ocrx_word' id='word_1_200' title='bbox 760 2284 808 2337; x_wconf 91' lang='lat' dir='ltr'><strong>pro</strong></span> <span class='ocrx_word' id='word_1_201' title='bbox 824 2267 911 2322; x_wconf 88' lang='lat' dir='ltr'><strong>iaculo</strong></span> <span class='ocrx_word' id='word_1_202' title='bbox 930 2268 1018 2322; x_wconf 85' lang='lat' dir='ltr'><strong>emitti</strong></span> <span class='ocrx_word' id='word_1_203' title='bbox 1037 2284 1096 2321; x_wconf 90' lang='lat' dir='ltr'><strong>cnm</strong></span> <span class='ocrx_word' id='word_1_204' title='bbox 1116 2267 1195 2345; x_wconf 77' lang='lat' dir='ltr'><strong>hasta</strong></span> <span class='ocrx_word' id='word_1_205' title='bbox 1211 2268 1303 2335; x_wconf 87' lang='lat' dir='ltr'><strong>posset</strong></span> 
     </span>
     <span class='ocr_line' id='line_1_25' title="bbox 132 2331 1302 2403; baseline 0 -18"><span class='ocrx_word' id='word_1_206' title='bbox 132 2332 230 2402; x_wconf 82' lang='lat' dir='ltr'><strong>puella.</strong></span> <span class='ocrx_word' id='word_1_207' title='bbox 265 2331 810 2403; x_wconf 54' lang='grc'><strong>0153151555.5555511555.</strong></span> <span class='ocrx_word' id='word_1_208' title='bbox 841 2365 871 2377; x_wconf 82' lang='lat'><em>-</em></span> <span class='ocrx_word' id='word_1_209' title='bbox 896 2333 958 2395; x_wconf 80' lang='grc'><strong>555.</strong></span> <span class='ocrx_word' id='word_1_210' title='bbox 977 2332 1195 2388; x_wconf 63' lang='grc'><strong>1565555151.</strong></span> <span class='ocrx_word' id='word_1_211' title='bbox 1216 2332 1302 2394; x_wconf 80' lang='lat' dir='ltr'><strong>aux,</strong></span> 
     </span>
     <span class='ocr_line' id='line_1_26' title="bbox 131 2399 1303 2472; baseline -0.003 -19"><span class='ocrx_word' id='word_1_212' title='bbox 131 2402 464 2455; x_wconf 76' lang='grc'><strong>180-55155515555</strong></span> <span class='ocrx_word' id='word_1_213' title='bbox 481 2402 591 2469; x_wconf 77' lang='lat' dir='ltr'><strong>satur,</strong></span> <span class='ocrx_word' id='word_1_214' title='bbox 609 2404 641 2454; x_wconf 90' lang='lat' dir='ltr'><strong>ut</strong></span> <span class='ocrx_word' id='word_1_215' title='bbox 660 2400 694 2464; x_wconf 86' lang='lat' dir='ltr'><strong>X,</strong></span> <span class='ocrx_word' id='word_1_216' title='bbox 713 2399 905 2462; x_wconf 62' lang='lat' dir='ltr'><strong>tet-558.</strong></span> <span class='ocrx_word' id='word_1_217' title='bbox 923 2402 994 2472; x_wconf 83' lang='grc'><strong>5555</strong></span> <span class='ocrx_word' id='word_1_218' title='bbox 1040 2408 1117 2455; x_wconf 86' lang='lat' dir='ltr'><strong>oter.</strong></span> <span class='ocrx_word' id='word_1_219' title='bbox 1152 2400 1303 2454; x_wconf 89' lang='lat' dir='ltr'><strong>Pronomen</strong></span> 
     </span>
     <span class='ocr_line' id='line_1_27' title="bbox 131 2466 1303 2537; baseline -0.002 -16"><span class='ocrx_word' id='word_1_220' title='bbox 131 2467 267 2531; x_wconf 85' lang='lat' dir='ltr'><strong>adiicitur,</strong></span> <span class='ocrx_word' id='word_1_221' title='bbox 295 2469 366 2535; x_wconf 84' lang='lat' dir='ltr'><strong>quia,</strong></span> <span class='ocrx_word' id='word_1_222' title='bbox 395 2483 456 2521; x_wconf 90' lang='lat' dir='ltr'><strong>cum</strong></span> <span class='ocrx_word' id='word_1_223' title='bbox 473 2467 519 2522; x_wconf 91' lang='lat' dir='ltr'><strong>alii</strong></span> <span class='ocrx_word' id='word_1_224' title='bbox 535 2470 626 2537; x_wconf 88' lang='lat' dir='ltr'><strong>patres</strong></span> <span class='ocrx_word' id='word_1_225' title='bbox 644 2467 713 2521; x_wconf 88' lang='lat' dir='ltr'><strong>nihil</strong></span> <span class='ocrx_word' id='word_1_226' title='bbox 730 2468 817 2537; x_wconf 78' lang='lat' dir='ltr'><strong>magis</strong></span> <span class='ocrx_word' id='word_1_227' title='bbox 836 2467 863 2521; x_wconf 92' lang='lat' dir='ltr'><strong>in</strong></span> <span class='ocrx_word' id='word_1_228' title='bbox 881 2469 952 2522; x_wconf 89' lang='lat' dir='ltr'><strong>votis</strong></span> <span class='ocrx_word' id='word_1_229' title='bbox 970 2470 1005 2522; x_wconf 88' lang='lat' dir='ltr'><strong>ha</strong></span> <span class='ocrx_word' id='word_1_230' title='bbox 1025 2484 1069 2522; x_wconf 90' lang='lat' dir='ltr'><strong>ere</strong></span> <span class='ocrx_word' id='word_1_231' title='bbox 1087 2466 1201 2529; x_wconf 80' lang='lat' dir='ltr'><strong>soleant,</strong></span> <span class='ocrx_word' id='word_1_232' title='bbox 1221 2481 1303 2535; x_wconf 86' lang='lat' dir='ltr'><strong>qnam</strong></span> 
     </span>
     <span class='ocr_line' id='line_1_28' title="bbox 132 2531 1303 2606; baseline -0.002 -18"><span class='ocrx_word' id='word_1_233' title='bbox 132 2537 165 2588; x_wconf 90' lang='lat' dir='ltr'><strong>ut</strong></span> <span class='ocrx_word' id='word_1_234' title='bbox 183 2534 303 2588; x_wconf 88' lang='lat' dir='ltr'><strong>sobolem</strong></span> <span class='ocrx_word' id='word_1_235' title='bbox 320 2552 350 2589; x_wconf 86' lang='lat' dir='ltr'><strong>er</strong></span> <span class='ocrx_word' id='word_1_236' title='bbox 367 2535 474 2588; x_wconf 88' lang='lat' dir='ltr'><strong>filiabus</strong></span> <span class='ocrx_word' id='word_1_237' title='bbox 491 2535 647 2602; x_wconf 81' lang='lat' dir='ltr'><strong>suscipiant,</strong></span> <span class='ocrx_word' id='word_1_238' title='bbox 666 2534 793 2606; x_wconf 79' lang='grc'><strong>11155555,</strong></span> <span class='ocrx_word' id='word_1_239' title='bbox 813 2551 829 2589; x_wconf 87' lang='grc'><strong>5</strong></span> <span class='ocrx_word' id='word_1_240' title='bbox 847 2536 952 2590; x_wconf 89' lang='lat' dir='ltr'><strong>nemine</strong></span> <span class='ocrx_word' id='word_1_241' title='bbox 971 2538 1094 2603; x_wconf 88' lang='lat' dir='ltr'><strong>coactns,</strong></span> <span class='ocrx_word' id='word_1_242' title='bbox 1114 2550 1200 2604; x_wconf 87' lang='lat' dir='ltr'><strong>neque</strong></span> <span class='ocrx_word' id='word_1_243' title='bbox 1216 2531 1303 2603; x_wconf 86' lang='lat' dir='ltr'><strong>ipsius</strong></span> 
     </span>
     <span class='ocr_line' id='line_1_29' title="bbox 132 2599 1303 2674; baseline -0.002 -19"><span class='ocrx_word' id='word_1_244' title='bbox 132 2601 207 2655; x_wconf 79' lang='lat' dir='ltr'><strong>filine</strong></span> <span class='ocrx_word' id='word_1_245' title='bbox 225 2602 359 2656; x_wconf 89' lang='lat' dir='ltr'><strong>voluntati</strong></span> <span class='ocrx_word' id='word_1_246' title='bbox 377 2601 486 2665; x_wconf 85' lang='lat' dir='ltr'>cedens,</span> <span class='ocrx_word' id='word_1_247' title='bbox 513 2619 571 2656; x_wconf 90' lang='lat' dir='ltr'><strong>eam</strong></span> <span class='ocrx_word' id='word_1_248' title='bbox 589 2602 691 2657; x_wconf 83' lang='lat' dir='ltr'><strong>Dianae</strong></span> <span class='ocrx_word' id='word_1_249' title='bbox 716 2602 846 2657; x_wconf 84' lang='lat' dir='ltr'><strong>famulam</strong></span> <span class='ocrx_word' id='word_1_250' title='bbox 865 2602 924 2657; x_wconf 83' lang='lat' dir='ltr'><strong>ideo</strong></span> <span class='ocrx_word' id='word_1_251' title='bbox 943 2618 976 2658; x_wconf 88' lang='grc'><strong>55</strong></span> <span class='ocrx_word' id='word_1_252' title='bbox 994 2605 1138 2674; x_wconf 87' lang='lat' dir='ltr'><strong>perpetuae</strong></span> <span class='ocrx_word' id='word_1_253' title='bbox 1154 2599 1303 2670; x_wconf 80' lang='lat' dir='ltr'><strong>virginitati</strong></span> 
     </span>
     <span class='ocr_line' id='line_1_30' title="bbox 132 2620 1303 2750; baseline -0.003 -28"><span class='ocrx_word' id='word_1_254' title='bbox 132 2669 254 2723; x_wconf 83' lang='lat' dir='ltr'><strong>devovet.</strong></span> <span class='ocrx_word' id='word_1_255' title='bbox 289 2669 334 2724; x_wconf 85' lang='lat' dir='ltr'><strong>Sic</strong></span> <span class='ocrx_word' id='word_1_256' title='bbox 350 2669 432 2724; x_wconf 89' lang='lat' dir='ltr'><strong>etiam</strong></span> <span class='ocrx_word' id='word_1_257' title='bbox 450 2669 545 2739; x_wconf 83' lang='lat' dir='ltr'><strong>Wagn.</strong></span> <span class='ocrx_word' id='word_1_258' title='bbox 563 2670 662 2724; x_wconf 82' lang='lat' dir='ltr'><strong>statuit</strong></span> <span class='ocrx_word' id='word_1_259' title='bbox 679 2669 727 2750; x_wconf 73' lang='lat' dir='ltr'><strong>Qu.</strong></span> <span class='ocrx_word' id='word_1_260' title='bbox 748 2671 829 2740; x_wconf 84' lang='lat' dir='ltr'><strong>Verg.</strong></span> <span class='ocrx_word' id='word_1_261' title='bbox 848 2620 947 2735; x_wconf 71' lang='lat' dir='ltr'><strong>xuni,</strong></span> <span class='ocrx_word' id='word_1_262' title='bbox 967 2675 992 2738; x_wconf 85' lang='lat'><strong>2,</strong></span> <span class='ocrx_word' id='word_1_263' title='bbox 1011 2689 1032 2725; x_wconf 94' lang='lat' dir='ltr'><strong>c.</strong></span> <span class='ocrx_word' id='word_1_264' title='bbox 1072 2671 1160 2725; x_wconf 83' lang='lat' dir='ltr'><strong>Aliter</strong></span> <span class='ocrx_word' id='word_1_265' title='bbox 1173 2669 1303 2748; x_wconf 68' lang='grc'><strong>’65555555</strong></span> 
     </span>
     <span class='ocr_line' id='line_1_31' title="bbox 130 2733 1303 2855; baseline -0.001 -66"><span class='ocrx_word' id='word_1_266' title='bbox 130 2736 221 2803; x_wconf 90' lang='lat' dir='ltr'><strong>„Bene</strong></span> <span class='ocrx_word' id='word_1_267' title='bbox 251 2736 311 2806; x_wconf 81' lang='lat' dir='ltr'><strong>ipse</strong></span> <span class='ocrx_word' id='word_1_268' title='bbox 335 2745 425 2807; x_wconf 78' lang='grc'><strong>55555,</strong></span> <span class='ocrx_word' id='word_1_269' title='bbox 456 2738 519 2807; x_wconf 85' lang='lat' dir='ltr'><strong>quia</strong></span> <span class='ocrx_word' id='word_1_270' title='bbox 541 2737 699 2792; x_wconf 82' lang='lat' dir='ltr'><strong>auctorandr</strong></span> <span class='ocrx_word' id='word_1_271' title='bbox 722 2737 830 2807; x_wconf 89' lang='lat' dir='ltr'><strong>[liberos</strong></span> <span class='ocrx_word' id='word_1_272' title='bbox 847 2738 969 2794; x_wconf 91' lang='lat' dir='ltr'><strong>homines</strong></span> <span class='ocrx_word' id='word_1_273' title='bbox 986 2738 1014 2792; x_wconf 94' lang='lat' dir='ltr'><strong>in</strong></span> <span class='ocrx_word' id='word_1_274' title='bbox 1031 2738 1193 2793; x_wconf 82' lang='lat' dir='ltr'><strong>famulatum</strong></span> <span class='ocrx_word' id='word_1_275' title='bbox 1210 2733 1303 2855; x_wconf 52' lang='lat' dir='ltr'><strong>dandrp</strong></span> 
     </span>
     <span class='ocr_line' id='line_1_32' title="bbox 130 2803 1289 2924; baseline -0.002 -66"><span class='ocrx_word' id='word_1_276' title='bbox 130 2805 296 2924; x_wconf 66' lang='lat' dir='ltr'><strong>potestatem</strong></span> <span class='ocrx_word' id='word_1_277' title='bbox 328 2805 379 2858; x_wconf 92' lang='lat' dir='ltr'><strong>nisi</strong></span> <span class='ocrx_word' id='word_1_278' title='bbox 408 2807 502 2885; x_wconf 79' lang='lat' dir='ltr'><strong>patres</strong></span> <span class='ocrx_word' id='word_1_279' title='bbox 530 2821 582 2859; x_wconf 92' lang='lat' dir='ltr'><strong>non</strong></span> <span class='ocrx_word' id='word_1_280' title='bbox 612 2805 748 2872; x_wconf 84' lang='lat' dir='ltr'><strong>habent;“</strong></span> <span class='ocrx_word' id='word_1_281' title='bbox 784 2822 897 2886; x_wconf 77' lang='lat' dir='ltr'><strong>quocum</strong></span> <span class='ocrx_word' id='word_1_282' title='bbox 932 2806 1103 2888; x_wconf 74' lang='lat' dir='ltr'><strong>consentiunt</strong></span> <span class='ocrx_word' id='word_1_283' title='bbox 1122 2803 1289 2886; x_wconf 32' lang='lat' dir='ltr'><strong>‘Ledeue</strong></span> 
     </span>
     <span class='ocr_line' id='line_1_33' title="bbox 130 2872 1303 3021; baseline 0.003 -29"><span class='ocrx_word' id='word_1_284' title='bbox 130 2872 1021 3021; x_wconf 61' lang='grc' dir='ltr'><strong>..515151151555555551151ἱ135551</strong></span> <span class='ocrx_word' id='word_1_285' title='bbox 1036 2891 1112 2996; x_wconf 67' lang='grc'><strong>..11.</strong></span> <span class='ocrx_word' id='word_1_286' title='bbox 1120 2875 1303 2996; x_wconf 59' lang='lat' dir='ltr'><strong>tutte</strong></span> 
     </span>
     <span class='ocr_line' id='line_1_34' title="bbox 130 3007 1303 3130; baseline 0 -2"><span class='ocrx_word' id='word_1_287' title='bbox 130 3007 361 3129; x_wconf 60' lang='lat' dir='ltr'><strong>eunucu</strong></span> <span class='ocrx_word' id='word_1_288' title='bbox 374 3009 406 3128; x_wconf 62' lang='grc'><strong>11</strong></span> <span class='ocrx_word' id='word_1_289' title='bbox 437 3007 1303 3130; x_wconf 44' lang='grc' dir='ltr'><strong>11151111511111111115115111111150115-θὲ</strong></span> 
     </span>
     <span class='ocr_line' id='line_1_35' title="bbox 128 3092 1303 3261; baseline 0 -68"><span class='ocrx_word' id='word_1_290' title='bbox 128 3142 258 3261; x_wconf 56' lang='lat' dir='ltr'><strong>pptma,</strong></span> <span class='ocrx_word' id='word_1_291' title='bbox 282 3092 503 3212; x_wconf 68' lang='grc'><strong>1555551155.</strong></span> <span class='ocrx_word' id='word_1_292' title='bbox 539 3116 599 3196; x_wconf 79' lang='lat' dir='ltr'><strong>&#39;viu</strong></span> <span class='ocrx_word' id='word_1_293' title='bbox 624 3118 798 3208; x_wconf 69' lang='grc'><strong>5155151,</strong></span> <span class='ocrx_word' id='word_1_294' title='bbox 820 3145 841 3196; x_wconf 83' lang='lat'><strong>1.</strong></span> <span class='ocrx_word' id='word_1_295' title='bbox 858 3096 924 3197; x_wconf 68' lang='grc'><strong>1151.</strong></span> <span class='ocrx_word' id='word_1_296' title='bbox 944 3146 967 3208; x_wconf 89' lang='lat'><strong>1,</strong></span> <span class='ocrx_word' id='word_1_297' title='bbox 980 3097 1111 3198; x_wconf 62' lang='grc'><strong>151555.</strong></span> <span class='ocrx_word' id='word_1_298' title='bbox 1143 3145 1229 3222; x_wconf 68' lang='lat' dir='ltr'><strong>‚sta</strong></span> <span class='ocrx_word' id='word_1_299' title='bbox 1246 3144 1303 3196; x_wconf 81' lang='grc'><strong>55.</strong></span> 
     </span>
    </p>

    <p class='ocr_par' dir='ltr' id='par_1_5' title="bbox 129 3208 1380 3544">
     <span class='ocr_line' id='line_1_36' title="bbox 171 3208 1303 3280; baseline 0 -18"><span class='ocrx_word' id='word_1_300' title='bbox 171 3249 177 3270; x_wconf 96' lang='grc'><strong>,</strong></span> <span class='ocrx_word' id='word_1_301' title='bbox 197 3211 254 3263; x_wconf 86' lang='grc'><strong>811.</strong></span> <span class='ocrx_word' id='word_1_302' title='bbox 273 3209 308 3265; x_wconf 87' lang='lat' dir='ltr'><strong>al.</strong></span> <span class='ocrx_word' id='word_1_303' title='bbox 329 3208 441 3276; x_wconf 80' lang='lat' dir='ltr'><strong>Peerlk,</strong></span> <span class='ocrx_word' id='word_1_304' title='bbox 462 3208 519 3263; x_wconf 91' lang='lat' dir='ltr'><strong>sine</strong></span> <span class='ocrx_word' id='word_1_305' title='bbox 536 3208 610 3264; x_wconf 87' lang='lat' dir='ltr'><strong>insta</strong></span> <span class='ocrx_word' id='word_1_306' title='bbox 627 3225 708 3266; x_wconf 88' lang='lat' dir='ltr'><strong>causa</strong></span> <span class='ocrx_word' id='word_1_307' title='bbox 725 3211 753 3263; x_wconf 93' lang='lat' dir='ltr'><strong>in</strong></span> <span class='ocrx_word' id='word_1_308' title='bbox 770 3211 798 3264; x_wconf 93' lang='lat' dir='ltr'><strong>h.</strong></span> <span class='ocrx_word' id='word_1_309' title='bbox 816 3210 834 3263; x_wconf 95' lang='grc'><strong>1.</strong></span> <span class='ocrx_word' id='word_1_310' title='bbox 852 3211 973 3278; x_wconf 88' lang='lat' dir='ltr'><strong>haerens,</strong></span> <span class='ocrx_word' id='word_1_311' title='bbox 991 3211 1073 3265; x_wconf 88' lang='lat' dir='ltr'><strong>verba</strong></span> <span class='ocrx_word' id='word_1_312' title='bbox 1089 3217 1138 3263; x_wconf 82' lang='lat' dir='ltr'><strong>toa</strong></span> <span class='ocrx_word' id='word_1_313' title='bbox 1151 3226 1245 3280; x_wconf 74' lang='lat' dir='ltr'><strong>premo</strong></span> <span class='ocrx_word' id='word_1_314' title='bbox 1262 3237 1274 3250; x_wconf 93' lang='lat'><strong>·</strong></span> <span class='ocrx_word' id='word_1_315' title='bbox 1292 3236 1303 3249; x_wconf 91' lang='lat'><strong>·</strong></span> 
     </span>
     <span class='ocr_line' id='line_1_37' title="bbox 129 3275 1380 3349; baseline 0.006 -22"><span class='ocrx_word' id='word_1_316' title='bbox 129 3276 232 3328; x_wconf 75' lang='lat' dir='ltr'><strong>hostem</strong></span> <span class='ocrx_word' id='word_1_317' title='bbox 250 3277 327 3344; x_wconf 65' lang='lat' dir='ltr'><strong>sepit</strong></span> <span class='ocrx_word' id='word_1_318' title='bbox 344 3276 437 3345; x_wconf 88' lang='lat' dir='ltr'><strong>spuria</strong></span> <span class='ocrx_word' id='word_1_319' title='bbox 455 3278 482 3331; x_wconf 90' lang='lat' dir='ltr'><strong>et</strong></span> <span class='ocrx_word' id='word_1_320' title='bbox 499 3275 588 3331; x_wconf 88' lang='lat' dir='ltr'><strong>locum</strong></span> <span class='ocrx_word' id='word_1_321' title='bbox 608 3277 647 3331; x_wconf 91' lang='lat' dir='ltr'><strong>sic</strong></span> <span class='ocrx_word' id='word_1_322' title='bbox 659 3277 871 3332; x_wconf 87' lang='lat' dir='ltr'><strong>contrahendum</strong></span> <span class='ocrx_word' id='word_1_323' title='bbox 884 3280 990 3333; x_wconf 90' lang='lat' dir='ltr'><strong>censet:</strong></span> <span class='ocrx_word' id='word_1_324' title='bbox 1003 3278 1067 3348; x_wconf 79' lang='grc'><strong>1555</strong></span> <span class='ocrx_word' id='word_1_325' title='bbox 1075 3285 1159 3349; x_wconf 84' lang='lat' dir='ltr'><strong>poter</strong></span> <span class='ocrx_word' id='word_1_326' title='bbox 1169 3277 1305 3346; x_wconf 78' lang='lat' dir='ltr'><strong>famulum</strong></span> <span class='ocrx_word' id='word_1_327' title='bbox 1375 3325 1380 3335; x_wconf 96' lang='lat'><em>.</em></span> 
     </span>
     <span class='ocr_line' id='line_1_38' title="bbox 131 3342 1305 3412; baseline 0.003 -16"><span class='ocrx_word' id='word_1_328' title='bbox 131 3359 225 3407; x_wconf 83' lang='grc'><strong>55555,</strong></span> <span class='ocrx_word' id='word_1_329' title='bbox 262 3344 405 3397; x_wconf 84' lang='lat' dir='ltr'><strong>amulam</strong></span> <span class='ocrx_word' id='word_1_330' title='bbox 423 3344 486 3397; x_wconf 80' lang='lat' dir='ltr'><strong>occi</strong></span> <span class='ocrx_word' id='word_1_331' title='bbox 504 3360 527 3408; x_wconf 86' lang='grc'><strong>5,</strong></span> <span class='ocrx_word' id='word_1_332' title='bbox 545 3351 636 3407; x_wconf 78' lang='lat' dir='ltr'><strong>testor,</strong></span> <span class='ocrx_word' id='word_1_333' title='bbox 656 3345 733 3399; x_wconf 80' lang='lat' dir='ltr'><strong>Divo</strong></span> <span class='ocrx_word' id='word_1_334' title='bbox 746 3354 819 3399; x_wconf 79' lang='grc'><strong>55555</strong></span> <span class='ocrx_word' id='word_1_335' title='bbox 838 3346 889 3399; x_wconf 87' lang='lat' dir='ltr'><strong>etc.</strong></span> <span class='ocrx_word' id='word_1_336' title='bbox 913 3376 937 3382; x_wconf 92' lang='lat'><strong>·-</strong></span> <span class='ocrx_word' id='word_1_337' title='bbox 964 3353 1069 3412; x_wconf 81' lang='lat' dir='ltr'><strong>tuam,</strong></span> <span class='ocrx_word' id='word_1_338' title='bbox 1089 3346 1105 3400; x_wconf 94' lang='grc'><strong>1.</strong></span> <span class='ocrx_word' id='word_1_339' title='bbox 1124 3361 1146 3401; x_wconf 87' lang='grc'><strong>5.</strong></span> <span class='ocrx_word' id='word_1_340' title='bbox 1168 3342 1305 3411; x_wconf 74' lang='lat' dir='ltr'><strong>famulum</strong></span> 
     </span>
     <span class='ocr_line' id='line_1_39' title="bbox 133 3409 1303 3494; baseline 0.006 -32"><span class='ocrx_word' id='word_1_341' title='bbox 133 3414 170 3476; x_wconf 91' lang='lat' dir='ltr'><strong>(v.</strong></span> <span class='ocrx_word' id='word_1_342' title='bbox 183 3414 240 3464; x_wconf 82' lang='grc'><strong>558.</strong></span> <span class='ocrx_word' id='word_1_343' title='bbox 256 3440 305 3465; x_wconf 84' lang='lat'><strong>.-</strong></span> <span class='ocrx_word' id='word_1_344' title='bbox 317 3409 381 3471; x_wconf 86' lang='grc'><strong>550.</strong></span> <span class='ocrx_word' id='word_1_345' title='bbox 401 3451 417 3476; x_wconf 89' lang='grc'><strong>,,</strong></span> <span class='ocrx_word' id='word_1_346' title='bbox 426 3414 468 3464; x_wconf 81' lang='lat' dir='ltr'><strong>du</strong></span> <span class='ocrx_word' id='word_1_347' title='bbox 495 3411 507 3463; x_wconf 84' lang='lat' dir='ltr'><em>i</em></span> <span class='ocrx_word' id='word_1_348' title='bbox 513 3411 525 3463; x_wconf 84' lang='grc'><strong>5’</strong></span> <span class='ocrx_word' id='word_1_349' title='bbox 531 3429 546 3465; x_wconf 91' lang='grc'><strong>5</strong></span> <span class='ocrx_word' id='word_1_350' title='bbox 563 3413 673 3477; x_wconf 80' lang='lat' dir='ltr'><strong>auria,</strong></span> <span class='ocrx_word' id='word_1_351' title='bbox 694 3428 742 3481; x_wconf 90' lang='lat' dir='ltr'><strong>per</strong></span> <span class='ocrx_word' id='word_1_352' title='bbox 759 3429 826 3482; x_wconf 89' lang='lat' dir='ltr'><strong>quas</strong></span> <span class='ocrx_word' id='word_1_353' title='bbox 843 3412 902 3494; x_wconf 89' lang='lat' dir='ltr'><strong>ipsa</strong></span> <span class='ocrx_word' id='word_1_354' title='bbox 913 3413 1002 3468; x_wconf 85' lang='lat' dir='ltr'><strong>infans</strong></span> <span class='ocrx_word' id='word_1_355' title='bbox 1015 3413 1097 3468; x_wconf 86' lang='lat' dir='ltr'><strong>dubia</strong></span> <span class='ocrx_word' id='word_1_356' title='bbox 1108 3412 1196 3467; x_wconf 85' lang='lat' dir='ltr'><strong>salute</strong></span> <span class='ocrx_word' id='word_1_357' title='bbox 1209 3413 1303 3469; x_wconf 82' lang='lat' dir='ltr'><strong>fertur.</strong></span> 
     </span>
     <span class='ocr_line' id='line_1_40' title="bbox 144 3476 1304 3544; baseline 0.006 -15"><span class='ocrx_word' id='word_1_358' title='bbox 144 3476 391 3534; x_wconf 79' lang='lat' dir='ltr'><strong>Committitor.</strong></span> <span class='ocrx_word' id='word_1_359' title='bbox 426 3478 467 3532; x_wconf 85' lang='lat' dir='ltr'><strong>Cf.</strong></span> <span class='ocrx_word' id='word_1_360' title='bbox 484 3478 508 3531; x_wconf 88' lang='lat' dir='ltr'>X</span> <span class='ocrx_word' id='word_1_361' title='bbox 538 3482 577 3533; x_wconf 83' lang='grc'><strong>69.</strong></span> <span class='ocrx_word' id='word_1_362' title='bbox 592 3478 709 3535; x_wconf 88' lang='lat' dir='ltr'><strong>ethcr.</strong></span> <span class='ocrx_word' id='word_1_363' title='bbox 728 3480 760 3544; x_wconf 91' lang='lat' dir='ltr'><strong>V,</strong></span> <span class='ocrx_word' id='word_1_364' title='bbox 774 3483 829 3536; x_wconf 81' lang='grc'><strong>782.</strong></span> <span class='ocrx_word' id='word_1_365' title='bbox 852 3481 963 3534; x_wconf 72' lang='grc'><strong>55555115</strong></span> <span class='ocrx_word' id='word_1_366' title='bbox 982 3481 1251 3536; x_wconf 68' lang='lat' dir='ltr'><strong>committeremus.</strong></span> <span class='ocrx_word' id='word_1_367' title='bbox 1273 3514 1304 3521; x_wconf 80' lang='lat'>-</span> 
     </span>
    </p>

    <p class='ocr_par' dir='ltr' id='par_1_6' title="bbox 170 3519 1304 3626">
     <span class='ocr_line' id='line_1_41' title="bbox 170 3519 1304 3626; baseline 0.005 -30"><span class='ocrx_word' id='word_1_368' title='bbox 170 3519 1252 3626; x_wconf 78' lang='lat' dir='ltr'><strong>1.Hastaeilligatnrnpuniesinalteramripamtransmittit,utipscliberismani</strong></span> <span class='ocrx_word' id='word_1_369' title='bbox 1272 3565 1304 3602; x_wconf 89' lang='lat' dir='ltr'><strong>na</strong></span> 
     </span>
    </p>
   </div>
   <div class='ocr_carea' id='block_1_5' title="bbox 128 3612 1305 4141">
    <p class='ocr_par' dir='ltr' id='par_1_7' title="bbox 128 3612 1305 4141">
     <span class='ocr_line' id='line_1_42' title="bbox 129 3612 1303 3738; baseline 0.005 -74"><span class='ocrx_word' id='word_1_370' title='bbox 129 3613 301 3666; x_wconf 83' lang='lat' dir='ltr'><strong>transnatare</strong></span> <span class='ocrx_word' id='word_1_371' title='bbox 314 3613 409 3682; x_wconf 89' lang='lat' dir='ltr'><strong>possit,</strong></span> <span class='ocrx_word' id='word_1_372' title='bbox 421 3612 501 3668; x_wconf 87' lang='lat' dir='ltr'><strong>hasta</strong></span> <span class='ocrx_word' id='word_1_373' title='bbox 513 3615 604 3668; x_wconf 88' lang='lat' dir='ltr'><strong>antem</strong></span> <span class='ocrx_word' id='word_1_374' title='bbox 616 3613 655 3668; x_wconf 91' lang='lat' dir='ltr'><strong>sic</strong></span> <span class='ocrx_word' id='word_1_375' title='bbox 668 3631 750 3669; x_wconf 80' lang='lat' dir='ltr'><strong>missa</strong></span> <span class='ocrx_word' id='word_1_376' title='bbox 766 3615 845 3670; x_wconf 87' lang='lat' dir='ltr'><strong>alteri</strong></span> <span class='ocrx_word' id='word_1_377' title='bbox 861 3617 935 3738; x_wconf 82' lang='lat' dir='ltr'><strong>ripae</strong></span> <span class='ocrx_word' id='word_1_378' title='bbox 946 3616 1028 3672; x_wconf 83' lang='lat' dir='ltr'><strong>Inflra</strong></span> <span class='ocrx_word' id='word_1_379' title='bbox 1042 3616 1192 3673; x_wconf 81' lang='lat' dir='ltr'><strong>haereret.“</strong></span> <span class='ocrx_word' id='word_1_380' title='bbox 1213 3616 1268 3670; x_wconf 74' lang='lat' dir='ltr'><strong>Her</strong></span> <span class='ocrx_word' id='word_1_381' title='bbox 1281 3625 1284 3631; x_wconf 85' lang='grc'><strong>“</strong></span> <span class='ocrx_word' id='word_1_382' title='bbox 1297 3659 1303 3670; x_wconf 89' lang='grc'><strong>.</strong></span> 
     </span>
     <span class='ocr_line' id='line_1_43' title="bbox 130 3679 1305 3750; baseline 0.007 -19"><span class='ocrx_word' id='word_1_383' title='bbox 130 3707 162 3716; x_wconf 90' lang='grc'>-</span> <span class='ocrx_word' id='word_1_384' title='bbox 176 3680 330 3733; x_wconf 81' lang='lat' dir='ltr'><strong>adducto</strong></span> <span class='ocrx_word' id='word_1_385' title='bbox 341 3680 353 3733; x_wconf 84' lang='grc'><strong>1</strong></span> <span class='ocrx_word' id='word_1_386' title='bbox 360 3687 484 3735; x_wconf 81' lang='lat' dir='ltr'><strong>ocerto.</strong></span> <span class='ocrx_word' id='word_1_387' title='bbox 497 3679 538 3736; x_wconf 83' lang='lat' dir='ltr'><strong>Cf.</strong></span> <span class='ocrx_word' id='word_1_388' title='bbox 549 3681 582 3750; x_wconf 77' lang='lat' dir='ltr'><strong>V,</strong></span> <span class='ocrx_word' id='word_1_389' title='bbox 594 3685 649 3737; x_wconf 86' lang='grc'><strong>141.</strong></span> <span class='ocrx_word' id='word_1_390' title='bbox 662 3681 738 3737; x_wconf 88' lang='lat' dir='ltr'><strong>Ovid.</strong></span> <span class='ocrx_word' id='word_1_391' title='bbox 751 3682 814 3737; x_wconf 84' lang='lat' dir='ltr'><strong>Met.</strong></span> <span class='ocrx_word' id='word_1_392' title='bbox 828 3683 881 3738; x_wconf 88' lang='lat' dir='ltr'><strong>VII</strong></span> <span class='ocrx_word' id='word_1_393' title='bbox 898 3722 905 3736; x_wconf 90' lang='lat'><strong>.</strong></span> <span class='ocrx_word' id='word_1_394' title='bbox 919 3687 959 3739; x_wconf 85' lang='grc'><strong>38.</strong></span> <span class='ocrx_word' id='word_1_395' title='bbox 975 3686 1107 3740; x_wconf 77' lang='lat' dir='ltr'><strong>Torserat</strong></span> <span class='ocrx_word' id='word_1_396' title='bbox 1120 3685 1248 3739; x_wconf 71' lang='grc'><strong>5515155555</strong></span> <span class='ocrx_word' id='word_1_397' title='bbox 1274 3703 1305 3739; x_wconf 84' lang='lat' dir='ltr'><strong>a·</strong></span> 
     </span>
     <span class='ocr_line' id='line_1_44' title="bbox 128 3745 1305 3822; baseline 0.008 -26"><span class='ocrx_word' id='word_1_398' title='bbox 128 3745 291 3799; x_wconf 74' lang='grc' dir='ltr'><strong>5551ἱαί55555</strong></span> <span class='ocrx_word' id='word_1_399' title='bbox 303 3747 416 3801; x_wconf 80' lang='lat' dir='ltr'><strong>lacertis</strong></span> <span class='ocrx_word' id='word_1_400' title='bbox 427 3750 456 3802; x_wconf 89' lang='lat' dir='ltr'><strong>et</strong></span> <span class='ocrx_word' id='word_1_401' title='bbox 467 3747 539 3804; x_wconf 82' lang='lat' dir='ltr'><strong>infra</strong></span> <span class='ocrx_word' id='word_1_402' title='bbox 548 3763 574 3803; x_wconf 91' lang='lat' dir='ltr'><strong>v.</strong></span> <span class='ocrx_word' id='word_1_403' title='bbox 586 3753 644 3803; x_wconf 87' lang='grc'><strong>605.</strong></span> <span class='ocrx_word' id='word_1_404' title='bbox 656 3777 691 3787; x_wconf 87' lang='grc'><strong>-</strong></span> <span class='ocrx_word' id='word_1_405' title='bbox 702 3745 766 3810; x_wconf 82' lang='grc'><strong>552.</strong></span> <span class='ocrx_word' id='word_1_406' title='bbox 781 3750 930 3804; x_wconf 75' lang='lat' dir='ltr'><strong>inmittit</strong></span> <span class='ocrx_word' id='word_1_407' title='bbox 945 3752 1027 3807; x_wconf 91' lang='lat' dir='ltr'><strong>auris.</strong></span> <span class='ocrx_word' id='word_1_408' title='bbox 1041 3753 1192 3822; x_wconf 79' lang='lat' dir='ltr'><strong>Conington</strong></span> <span class='ocrx_word' id='word_1_409' title='bbox 1202 3752 1305 3807; x_wconf 83' lang='lat' dir='ltr'><strong>confert</strong></span> 
     </span>
     <span class='ocr_line' id='line_1_45' title="bbox 131 3812 1305 3890; baseline 0.006 -24"><span class='ocrx_word' id='word_1_410' title='bbox 131 3812 197 3866; x_wconf 86' lang='lat' dir='ltr'><strong>Geo.</strong></span> <span class='ocrx_word' id='word_1_411' title='bbox 217 3812 253 3879; x_wconf 89' lang='lat'><strong>11,</strong></span> <span class='ocrx_word' id='word_1_412' title='bbox 273 3816 330 3867; x_wconf 81' lang='grc'><strong>364.</strong></span> <span class='ocrx_word' id='word_1_413' title='bbox 348 3843 380 3852; x_wconf 91' lang='lat'><strong>—-</strong></span> <span class='ocrx_word' id='word_1_414' title='bbox 399 3832 566 3882; x_wconf 58' lang='grc'><strong>,55555555</strong></span> <span class='ocrx_word' id='word_1_415' title='bbox 594 3819 718 3870; x_wconf 78' lang='lat' dir='ltr'><strong>auctae:</strong></span> <span class='ocrx_word' id='word_1_416' title='bbox 747 3818 868 3887; x_wconf 82' lang='lat' dir='ltr'><strong>graviter</strong></span> <span class='ocrx_word' id='word_1_417' title='bbox 884 3822 1016 3874; x_wconf 89' lang='lat' dir='ltr'><strong>commoto</strong></span> <span class='ocrx_word' id='word_1_418' title='bbox 1033 3825 1093 3875; x_wconf 78' lang='grc'><strong>5555</strong></span> <span class='ocrx_word' id='word_1_419' title='bbox 1110 3835 1195 3890; x_wconf 86' lang='lat' dir='ltr'><strong>aquae</strong></span> <span class='ocrx_word' id='word_1_420' title='bbox 1213 3835 1305 3888; x_wconf 85' lang='lat' dir='ltr'><strong>super·</strong></span> 
     </span>
     <span class='ocr_line' id='line_1_46' title="bbox 129 3878 1305 3957; baseline 0.008 -25"><span class='ocrx_word' id='word_1_421' title='bbox 129 3879 218 3933; x_wconf 85' lang='lat' dir='ltr'><strong>ficiem</strong></span> <span class='ocrx_word' id='word_1_422' title='bbox 236 3878 390 3947; x_wconf 87' lang='lat' dir='ltr'><strong>impellente</strong></span> <span class='ocrx_word' id='word_1_423' title='bbox 408 3884 436 3936; x_wconf 93' lang='lat' dir='ltr'><strong>et</strong></span> <span class='ocrx_word' id='word_1_424' title='bbox 453 3882 542 3938; x_wconf 86' lang='lat' dir='ltr'><strong>undae</strong></span> <span class='ocrx_word' id='word_1_425' title='bbox 554 3882 692 3937; x_wconf 81' lang='lat' dir='ltr'><strong>fremitum</strong></span> <span class='ocrx_word' id='word_1_426' title='bbox 710 3887 849 3939; x_wconf 89' lang='lat' dir='ltr'><strong>movente:</strong></span> <span class='ocrx_word' id='word_1_427' title='bbox 867 3885 954 3955; x_wconf 82' lang='lat' dir='ltr'><strong>quid?</strong></span> <span class='ocrx_word' id='word_1_428' title='bbox 971 3887 1042 3957; x_wconf 85' lang='lat' dir='ltr'><strong>qnod</strong></span> <span class='ocrx_word' id='word_1_429' title='bbox 1056 3887 1226 3942; x_wconf 86' lang='lat' dir='ltr'><strong>transvolans</strong></span> <span class='ocrx_word' id='word_1_430' title='bbox 1245 3903 1305 3941; x_wconf 90' lang='lat' dir='ltr'><strong>cnm</strong></span> 
     </span>
     <span class='ocr_line' id='line_1_47' title="bbox 129 3947 1305 4026; baseline 0.006 -26"><span class='ocrx_word' id='word_1_431' title='bbox 129 3947 235 4000; x_wconf 87' lang='lat' dir='ltr'><strong>infante</strong></span> <span class='ocrx_word' id='word_1_432' title='bbox 252 3947 368 4001; x_wconf 90' lang='lat' dir='ltr'><strong>iaculum</strong></span> <span class='ocrx_word' id='word_1_433' title='bbox 386 3947 496 4004; x_wconf 89' lang='lat' dir='ltr'><strong>sibilum</strong></span> <span class='ocrx_word' id='word_1_434' title='bbox 519 3950 560 4003; x_wconf 92' lang='lat' dir='ltr'><strong>vel</strong></span> <span class='ocrx_word' id='word_1_435' title='bbox 585 3951 729 4021; x_wconf 87' lang='lat' dir='ltr'><strong>strepitum</strong></span> <span class='ocrx_word' id='word_1_436' title='bbox 747 3952 814 4006; x_wconf 85' lang='lat' dir='ltr'><strong>lacit</strong></span> <span class='ocrx_word' id='word_1_437' title='bbox 830 3953 858 4006; x_wconf 93' lang='lat' dir='ltr'><strong>in</strong></span> <span class='ocrx_word' id='word_1_438' title='bbox 877 3958 936 4007; x_wconf 78' lang='lat' dir='ltr'><strong>atre</strong></span> <span class='ocrx_word' id='word_1_439' title='bbox 966 3954 1011 4022; x_wconf 83' lang='lat' dir='ltr'><strong>(cf.</strong></span> <span class='ocrx_word' id='word_1_440' title='bbox 1036 3972 1060 4010; x_wconf 85' lang='lat' dir='ltr'><strong>v.</strong></span> <span class='ocrx_word' id='word_1_441' title='bbox 1078 3959 1127 4010; x_wconf 84' lang='grc'><strong>595</strong></span> <span class='ocrx_word' id='word_1_442' title='bbox 1144 3958 1196 4026; x_wconf 88' lang='lat' dir='ltr'><strong>sq.)</strong></span> <span class='ocrx_word' id='word_1_443' title='bbox 1227 3970 1305 4024; x_wconf 88' lang='lat' dir='ltr'><strong>quem</strong></span> 
     </span>
     <span class='ocr_line' id='line_1_48' title="bbox 128 4013 1302 4141; baseline 0.006 -74"><span class='ocrx_word' id='word_1_444' title='bbox 128 4014 182 4083; x_wconf 91' lang='lat' dir='ltr'><strong>ipsi</strong></span> <span class='ocrx_word' id='word_1_445' title='bbox 201 4014 273 4068; x_wconf 90' lang='lat' dir='ltr'><strong>amni</strong></span> <span class='ocrx_word' id='word_1_446' title='bbox 292 4013 410 4070; x_wconf 86' lang='lat' dir='ltr'><strong>tribuere</strong></span> <span class='ocrx_word' id='word_1_447' title='bbox 426 4016 544 4095; x_wconf 82' lang='lat' dir='ltr'><strong>potnit.“</strong></span> <span class='ocrx_word' id='word_1_448' title='bbox 579 4018 669 4098; x_wconf 79' lang='lat' dir='ltr'><strong>Hepo.</strong></span> <span class='ocrx_word' id='word_1_449' title='bbox 685 4018 771 4072; x_wconf 90' lang='lat' dir='ltr'><strong>Panlo</strong></span> <span class='ocrx_word' id='word_1_450' title='bbox 783 4020 910 4075; x_wconf 88' lang='lat' dir='ltr'><strong>subtilius</strong></span> <span class='ocrx_word' id='word_1_451' title='bbox 924 4021 1066 4077; x_wconf 73' lang='lat' dir='ltr'><strong>Donatus:</strong></span> <span class='ocrx_word' id='word_1_452' title='bbox 1075 4025 1135 4141; x_wconf 56' lang='lat' dir='ltr'><strong>yut</strong></span> <span class='ocrx_word' id='word_1_453' title='bbox 1152 4037 1222 4101; x_wconf 87' lang='lat' dir='ltr'><strong>aqua</strong></span> <span class='ocrx_word' id='word_1_454' title='bbox 1240 4036 1302 4089; x_wconf 88' lang='lat' dir='ltr'><strong>qno·</strong></span> 
     </span>
    </p>
   </div>
   <div class='ocr_carea' id='block_1_6' title="bbox 128 4081 1307 4630">
    <p class='ocr_par' dir='ltr' id='par_1_8' title="bbox 128 4081 1307 4630">
     <span class='ocr_line' id='line_1_49' title="bbox 130 4081 1306 4165; baseline 0.007 -31"><span class='ocrx_word' id='word_1_455' title='bbox 130 4097 181 4150; x_wconf 89' lang='lat' dir='ltr'><strong>que</strong></span> <span class='ocrx_word' id='word_1_456' title='bbox 199 4082 260 4150; x_wconf 88' lang='lat' dir='ltr'><strong>ipsa</strong></span> <span class='ocrx_word' id='word_1_457' title='bbox 277 4081 413 4135; x_wconf 83' lang='lat' dir='ltr'><strong>mittentis</strong></span> <span class='ocrx_word' id='word_1_458' title='bbox 430 4098 485 4136; x_wconf 81' lang='lat' dir='ltr'><strong>vim</strong></span> <span class='ocrx_word' id='word_1_459' title='bbox 503 4083 744 4165; x_wconf 80' lang='lat' dir='ltr'><strong>fortitndmemque</strong></span> <span class='ocrx_word' id='word_1_460' title='bbox 762 4088 918 4142; x_wconf 86' lang='lat' dir='ltr'><strong>sensisset.“</strong></span> <span class='ocrx_word' id='word_1_461' title='bbox 934 4118 966 4127; x_wconf 92' lang='lat'>-</span> <span class='ocrx_word' id='word_1_462' title='bbox 981 4088 1045 4150; x_wconf 83' lang='grc'><strong>563,</strong></span> <span class='ocrx_word' id='word_1_463' title='bbox 1095 4090 1218 4157; x_wconf 67' lang='lat' dir='ltr'><strong>asclae,</strong></span> <span class='ocrx_word' id='word_1_464' title='bbox 1238 4103 1306 4156; x_wconf 86' lang='lat' dir='ltr'><strong>qnae</strong></span> 
     </span>
     <span class='ocr_line' id='line_1_50' title="bbox 130 4150 1307 4210; baseline 0.006 -9"><span class='ocrx_word' id='word_1_465' title='bbox 130 4153 187 4202; x_wconf 87' lang='lat' dir='ltr'><strong>tam</strong></span> <span class='ocrx_word' id='word_1_466' title='bbox 215 4151 317 4203; x_wconf 88' lang='lat' dir='ltr'><strong>tenera·</strong></span> <span class='ocrx_word' id='word_1_467' title='bbox 336 4150 426 4203; x_wconf 86' lang='lat' dir='ltr'><strong>aetate</strong></span> <span class='ocrx_word' id='word_1_468' title='bbox 454 4150 560 4204; x_wconf 86' lang='lat' dir='ltr'><strong>tantum</strong></span> <span class='ocrx_word' id='word_1_469' title='bbox 588 4153 659 4207; x_wconf 86' lang='lat' dir='ltr'><strong>vitae</strong></span> <span class='ocrx_word' id='word_1_470' title='bbox 677 4152 820 4208; x_wconf 79' lang='lat' dir='ltr'><strong>discrimen</strong></span> <span class='ocrx_word' id='word_1_471' title='bbox 838 4155 920 4208; x_wconf 89' lang='lat' dir='ltr'><strong>subit.</strong></span> <span class='ocrx_word' id='word_1_472' title='bbox 954 4156 1039 4210; x_wconf 86' lang='lat' dir='ltr'><strong>Thiel.</strong></span> <span class='ocrx_word' id='word_1_473' title='bbox 1057 4161 1150 4210; x_wconf 87' lang='lat' dir='ltr'><strong>antem</strong></span> <span class='ocrx_word' id='word_1_474' title='bbox 1189 4172 1218 4210; x_wconf 89' lang='lat' dir='ltr'><strong>er</strong></span> <span class='ocrx_word' id='word_1_475' title='bbox 1235 4153 1307 4210; x_wconf 89' lang='lat' dir='ltr'><strong>anti·</strong></span> 
     </span>
     <span class='ocr_line' id='line_1_51' title="bbox 129 4216 1306 4290; baseline 0.007 -22"><span class='ocrx_word' id='word_1_476' title='bbox 129 4216 301 4285; x_wconf 79' lang='grc'><strong>5155515555,</strong></span> <span class='ocrx_word' id='word_1_477' title='bbox 321 4232 401 4286; x_wconf 87' lang='lat' dir='ltr'><strong>quam</strong></span> <span class='ocrx_word' id='word_1_478' title='bbox 418 4221 523 4280; x_wconf 90' lang='lat' dir='ltr'><strong>vocant,</strong></span> <span class='ocrx_word' id='word_1_479' title='bbox 543 4217 592 4272; x_wconf 90' lang='lat' dir='ltr'><strong>hoc</strong></span> <span class='ocrx_word' id='word_1_480' title='bbox 611 4236 625 4274; x_wconf 91' lang='lat' dir='ltr'><strong>e</strong></span> <span class='ocrx_word' id='word_1_481' title='bbox 643 4220 750 4274; x_wconf 88' lang='lat' dir='ltr'><strong>itheton</strong></span> <span class='ocrx_word' id='word_1_482' title='bbox 769 4220 891 4290; x_wconf 81' lang='lat' dir='ltr'><strong>explicat,</strong></span> <span class='ocrx_word' id='word_1_483' title='bbox 910 4224 942 4275; x_wconf 91' lang='lat' dir='ltr'><strong>nt</strong></span> <span class='ocrx_word' id='word_1_484' title='bbox 955 4224 992 4277; x_wconf 88' lang='lat' dir='ltr'><strong>sit</strong></span> <span class='ocrx_word' id='word_1_485' title='bbox 1005 4224 1079 4277; x_wconf 90' lang='lat' dir='ltr'><strong>tristi</strong></span> <span class='ocrx_word' id='word_1_486' title='bbox 1091 4222 1148 4276; x_wconf 83' lang='lat' dir='ltr'><strong>lato</strong></span> <span class='ocrx_word' id='word_1_487' title='bbox 1179 4221 1306 4288; x_wconf 86' lang='lat' dir='ltr'><strong>estinata,</strong></span> 
     </span>
     <span class='ocr_line' id='line_1_52' title="bbox 147 4282 1305 4356; baseline 0.007 -21"><span class='ocrx_word' id='word_1_488' title='bbox 147 4282 265 4337; x_wconf 90' lang='lat' dir='ltr'><strong>nondam</strong></span> <span class='ocrx_word' id='word_1_489' title='bbox 285 4284 378 4338; x_wconf 85' lang='lat' dir='ltr'><strong>infelix</strong></span> <span class='ocrx_word' id='word_1_490' title='bbox 395 4284 495 4338; x_wconf 83' lang='lat' dir='ltr'><strong>futura.</strong></span> <span class='ocrx_word' id='word_1_491' title='bbox 529 4314 558 4324; x_wconf 67' lang='grc'><strong>»-</strong></span> <span class='ocrx_word' id='word_1_492' title='bbox 647 4329 654 4341; x_wconf 94' lang='grc'><strong>.</strong></span> <span class='ocrx_word' id='word_1_493' title='bbox 682 4288 755 4341; x_wconf 86' lang='lat' dir='ltr'><strong>Dat</strong></span> <span class='ocrx_word' id='word_1_494' title='bbox 775 4305 846 4342; x_wconf 81' lang='grc'><strong>5555</strong></span> <span class='ocrx_word' id='word_1_495' title='bbox 862 4289 993 4356; x_wconf 80' lang='lat' dir='ltr'><strong>fluvio,</strong></span> <span class='ocrx_word' id='word_1_496' title='bbox 1014 4290 1040 4343; x_wconf 90' lang='lat' dir='ltr'><strong>in</strong></span> <span class='ocrx_word' id='word_1_497' title='bbox 1059 4289 1169 4343; x_wconf 86' lang='lat' dir='ltr'><strong>fluvium</strong></span> <span class='ocrx_word' id='word_1_498' title='bbox 1188 4288 1252 4351; x_wconf 86' lang='lat' dir='ltr'><strong>(vid.</strong></span> <span class='ocrx_word' id='word_1_499' title='bbox 1271 4289 1305 4343; x_wconf 86' lang='lat' dir='ltr'><strong>ad</strong></span> 
     </span>
     <span class='ocr_line' id='line_1_53' title="bbox 129 4301 1305 4426; baseline 0.008 -24"><span class='ocrx_word' id='word_1_500' title='bbox 129 4301 241 4414; x_wconf 60' lang='grc'><strong>155111,</strong></span> <span class='ocrx_word' id='word_1_501' title='bbox 264 4356 304 4405; x_wconf 81' lang='lat'><strong>30.</strong></span> <span class='ocrx_word' id='word_1_502' title='bbox 325 4354 353 4406; x_wconf 85' lang='lat' dir='ltr'><strong>et</strong></span> <span class='ocrx_word' id='word_1_503' title='bbox 370 4351 425 4416; x_wconf 85' lang='grc'><strong>51),</strong></span> <span class='ocrx_word' id='word_1_504' title='bbox 457 4354 489 4404; x_wconf 88' lang='grc'><strong>55</strong></span> <span class='ocrx_word' id='word_1_505' title='bbox 508 4351 570 4406; x_wconf 85' lang='lat' dir='ltr'><strong>Geo.</strong></span> <span class='ocrx_word' id='word_1_506' title='bbox 589 4352 635 4421; x_wconf 89' lang='lat' dir='ltr'><strong>1v,</strong></span> <span class='ocrx_word' id='word_1_507' title='bbox 655 4356 711 4408; x_wconf 79' lang='grc'><strong>518.</strong></span> <span class='ocrx_word' id='word_1_508' title='bbox 739 4371 768 4407; x_wconf 88' lang='grc'><strong>55</strong></span> <span class='ocrx_word' id='word_1_509' title='bbox 797 4357 874 4409; x_wconf 74' lang='lat' dir='ltr'><strong>dedit</strong></span> <span class='ocrx_word' id='word_1_510' title='bbox 898 4373 1004 4426; x_wconf 78' lang='lat' dir='ltr'><strong>aequor</strong></span> <span class='ocrx_word' id='word_1_511' title='bbox 1029 4359 1058 4410; x_wconf 83' lang='lat' dir='ltr'><strong>in</strong></span> <span class='ocrx_word' id='word_1_512' title='bbox 1075 4357 1161 4411; x_wconf 78' lang='lat' dir='ltr'><strong>cltum</strong></span> <span class='ocrx_word' id='word_1_513' title='bbox 1182 4359 1209 4411; x_wconf 89' lang='lat' dir='ltr'><strong>et</strong></span> <span class='ocrx_word' id='word_1_514' title='bbox 1226 4356 1305 4411; x_wconf 86' lang='lat' dir='ltr'><strong>Ovid.</strong></span> 
     </span>
     <span class='ocr_line' id='line_1_54' title="bbox 128 4417 1306 4493; baseline 0.007 -22"><span class='ocrx_word' id='word_1_515' title='bbox 128 4417 193 4471; x_wconf 79' lang='lat' dir='ltr'><strong>net.</strong></span> <span class='ocrx_word' id='word_1_516' title='bbox 212 4417 259 4486; x_wconf 88' lang='lat' dir='ltr'><strong>XI,</strong></span> <span class='ocrx_word' id='word_1_517' title='bbox 280 4423 337 4474; x_wconf 82' lang='grc'><strong>184.</strong></span> <span class='ocrx_word' id='word_1_518' title='bbox 355 4435 383 4472; x_wconf 85' lang='grc'><strong>55</strong></span> <span class='ocrx_word' id='word_1_519' title='bbox 401 4419 477 4473; x_wconf 80' lang='lat' dir='ltr'><strong>dedit</strong></span> <span class='ocrx_word' id='word_1_520' title='bbox 493 4419 523 4471; x_wconf 83' lang='lat' dir='ltr'><strong>ia</strong></span> <span class='ocrx_word' id='word_1_521' title='bbox 538 4427 661 4489; x_wconf 81' lang='lat' dir='ltr'><strong>pentum,</strong></span> <span class='ocrx_word' id='word_1_522' title='bbox 679 4421 725 4474; x_wconf 91' lang='lat' dir='ltr'><strong>ubi</strong></span> <span class='ocrx_word' id='word_1_523' title='bbox 744 4421 824 4491; x_wconf 87' lang='lat' dir='ltr'><strong>plura</strong></span> <span class='ocrx_word' id='word_1_524' title='bbox 840 4423 932 4478; x_wconf 85' lang='lat' dir='ltr'><strong>Heius.</strong></span> <span class='ocrx_word' id='word_1_525' title='bbox 958 4425 1001 4479; x_wconf 80' lang='lat' dir='ltr'><strong>sic</strong></span> <span class='ocrx_word' id='word_1_526' title='bbox 1013 4424 1061 4490; x_wconf 87' lang='lat' dir='ltr'><strong>IX,</strong></span> <span class='ocrx_word' id='word_1_527' title='bbox 1081 4427 1122 4477; x_wconf 88' lang='grc'><strong>56.</strong></span> <span class='ocrx_word' id='word_1_528' title='bbox 1136 4441 1224 4493; x_wconf 79' lang='lat' dir='ltr'><strong>ecquo</strong></span> <span class='ocrx_word' id='word_1_529' title='bbox 1236 4425 1306 4479; x_wconf 81' lang='lat' dir='ltr'><strong>dore</strong></span> 
     </span>
     <span class='ocr_line' id='line_1_55' title="bbox 128 4486 1305 4630; baseline 0.008 -25"><span class='ocrx_word' id='word_1_530' title='bbox 128 4486 1305 4630; x_wconf 46' lang='grc'><strong>11551151111051115515115110501511515115111151115111</strong></span> 
     </span>
    </p>

    <p class='ocr_par' dir='ltr' id='par_1_9' title="bbox 358 4595 1303 4625">
     <span class='ocr_line' id='line_1_56' title="bbox 358 4595 1303 4625; baseline 0.012 -7"><span class='ocrx_word' id='word_1_531' title='bbox 358 4595 364 4607; x_wconf 91' lang='grc'>·</span> <span class='ocrx_word' id='word_1_532' title='bbox 455 4598 459 4607; x_wconf 91' lang='grc'><em>·</em></span> <span class='ocrx_word' id='word_1_533' title='bbox 597 4597 601 4607; x_wconf 91' lang='grc'><em>·</em></span> <span class='ocrx_word' id='word_1_534' title='bbox 650 4595 657 4620; x_wconf 76' lang='lat' dir='ltr'><strong>a</strong></span> <span class='ocrx_word' id='word_1_535' title='bbox 728 4596 734 4610; x_wconf 90' lang='lat'><strong>·</strong></span> <span class='ocrx_word' id='word_1_536' title='bbox 826 4599 834 4625; x_wconf 81' lang='lat' dir='ltr'><strong>s</strong></span> <span class='ocrx_word' id='word_1_537' title='bbox 888 4602 893 4612; x_wconf 86' lang='lat'>·</span> <span class='ocrx_word' id='word_1_538' title='bbox 985 4598 992 4625; x_wconf 82' lang='grc'><strong>5</strong></span> <span class='ocrx_word' id='word_1_539' title='bbox 1062 4599 1069 4613; x_wconf 88' lang='grc'><em>·</em></span> <span class='ocrx_word' id='word_1_540' title='bbox 1191 4603 1197 4614; x_wconf 82' lang='grc'><em>·</em></span> <span class='ocrx_word' id='word_1_541' title='bbox 1297 4600 1303 4614; x_wconf 94' lang='grc'><strong><em>·</em></strong></span> 
     </span>
    </p>
   </div>
   <div class='ocr_carea' id='block_1_7' title="bbox 128 4618 1303 4697">
    <p class='ocr_par' dir='ltr' id='par_1_10' title="bbox 128 4618 1303 4697">
     <span class='ocr_line' id='line_1_57' title="bbox 128 4618 1303 4697; baseline 0.009 -25"><span class='ocrx_word' id='word_1_542' title='bbox 128 4618 153 4684; x_wconf 88' lang='lat'><strong>1,</strong></span> <span class='ocrx_word' id='word_1_543' title='bbox 174 4623 213 4684; x_wconf 82' lang='lat'><strong>1³,</strong></span> <span class='ocrx_word' id='word_1_544' title='bbox 234 4623 379 4677; x_wconf 75' lang='grc'><strong>11515155</strong></span> <span class='ocrx_word' id='word_1_545' title='bbox 395 4621 542 4697; x_wconf 71' lang='lat' dir='ltr'><strong>prepositi.</strong></span> <span class='ocrx_word' id='word_1_546' title='bbox 588 4619 682 4678; x_wconf 82' lang='lat' dir='ltr'><strong>verbis</strong></span> <span class='ocrx_word' id='word_1_547' title='bbox 709 4640 769 4679; x_wconf 82' lang='lat' dir='ltr'><strong>cum</strong></span> <span class='ocrx_word' id='word_1_548' title='bbox 787 4626 892 4697; x_wconf 73' lang='lat' dir='ltr'><strong>oirps&#39;oe</strong></span> <span class='ocrx_word' id='word_1_549' title='bbox 909 4624 1000 4682; x_wconf 80' lang='lat' dir='ltr'><strong>uictor</strong></span> <span class='ocrx_word' id='word_1_550' title='bbox 1016 4625 1105 4684; x_wconf 80' lang='lat' dir='ltr'><strong>utitur</strong></span> <span class='ocrx_word' id='word_1_551' title='bbox 1124 4629 1204 4696; x_wconf 86' lang='lat' dir='ltr'><strong>poeta</strong></span> <span class='ocrx_word' id='word_1_552' title='bbox 1221 4627 1303 4690; x_wconf 77' lang='grc'><strong>515511.</strong></span> 
     </span>
    </p>
   </div>
   <div class='ocr_carea' id='block_1_8' title="bbox 0 0 1440 5070">
    <p class='ocr_par' dir='ltr' id='par_1_11' title="bbox 0 0 1440 5070">
     <span class='ocr_line' id='line_1_58' title="bbox 0 0 1440 5070; baseline 0 0"><span class='ocrx_word' id='word_1_553' title='bbox 0 0 1440 5070; x_wconf 95' lang='lat' dir='ltr'><strong> </strong></span> 
     </span>
    </p>
   </div>
  </div>
 </body>
</html>
