2872 5070
137 247 199 312 '102
537 241 653 309 CIRIS
675 265 705 308 v.
725 247 911 312 sao-ort.

137 408 225 474 Huic
244 430 323 475 vero
344 409 492 491 miserae,
514 410 667 497 quoniam
689 407 845 474 damnata
865 407 998 473 deorum

136 492 261 558 Iudicio
285 494 476 579 patriaeque
497 502 528 556 st
550 492 645 558 ooniu
668 493 698 556 is
720 500 796 557 ante
815 491 938 572 fuisset,

136 574 251 640 Infesti
272 575 425 662 adposuit
446 574 558 641 odium
580 514 711 639 crudele
732 574 887 661 parentis.

137 659 295 745 Namque,
317 660 407 723 utin
429 659 574 723 aetherio
594 659 760 744 signorum
782 678 916 722 munere
937 665 1120 742 praestans,

136 740 244 805 Unum
267 763 361 828 quem
384 740 508 827 duplici
530 741 691 806 stellatum
714 739 820 806 sidere
844 739 922 822 vidi,

139 822 293 910 Scorpios
317 823 451 888 alternis
475 824 597 889 clarum
620 824 713 910 fugat
734 822 874 889 Oriona:

138 905 194 972 Sie
214 909 298 972 inter
321 929 391 972 sese
413 909 523 972 tristes
544 905 733 972 Haliaeetus
753 909 822 971 iras

137 989 181 1054 Et
204 987 290 1054 Ciris
312 992 447 1055 memori
469 999 601 1054 servant
621 989 664 1054 ad
686 989 817 1055 saecula
837 989 914 1054 fato.

139 1073 351 1160 Quacumque
372 1072 429 1137 illa
449 1072 554 1137 levem
573 1073 702 1159 fugiens
724 1081 813 1138 secat
834 1071 968 1137 aethera
987 1071 1108 1157 pinnis,

137 1155 226 1220 Eece
248 1157 396 1220 inimicus
420 1166 516 1221 atrox
537 1178 656 1243 magno
677 1153 816 1221 stridore
838 1178 898 1242 per
919 1176 1017 1220 auras

136 1237 213 1303 Inse
235 1241 321 1303 uitur
343 1239 457 1322 Nisus;
480 1261 544 1324 qua
563 1261 598 1304 ae
620 1239 683 1304 fert
703 1238 802 1303 Nisus
824 1238 867 1304 ad
887 1259 996 1318 auras,

137 1321 199 1386 Illa
214 1261 324 1386 ierem
345 1322 474 1407 fugiens
493 1323 615 1407 raptim
638 1330 728 1387 seeat
748 1322 883 1387 aethera
904 1322 1024 1409 pinnis.

137 1508 345 1519 ------

138 1640 253 1678 ennaea
271 1621 346 1676 Iouis
363 1624 461 1675 deutra
483 1622 717 1688 commemoratur,
747 1635 799 1741 (pro
817 1619 876 1675 loeo
893 1636 910 1673 a
929 1636 972 1676 me
989 1620 1087 1675 collato
1105 1636 1217 1676 omnem
1238 1622 1315 1676 dubi·

137 1690 269 1744 tationem
301 1691 433 1744 remotam
462 1704 521 1743 esse
548 1691 641 1744 censet
657 1688 735 1743 Puta.
769 1689 813 1742 .l.
849 1687 949 1743 Tamen
977 1705 1048 1742 nuno
1065 1704 1127 1743 oum
1145 1688 1270 1759 Hauptio
1287 1693 1313 1745 et

137 1758 327 1828 posterioribus
353 1756 502 1811 editoribus
529 1756 646 1837 praetuli
673 1757 749 1810 editt.
767 1755 877 1810 Aeaeus.
907 1759 935 1809 et
952 1755 1025 1812 lunt.
1045 1756 1191 1811 lectionem
1211 1759 1314 1828 aquilis

137 1825 268 1889 ceresola,
299 1840 358 1878 oum
379 1824 450 1878 Iovis
477 1824 596 1879 surlam
614 1824 728 1878 fulmina
747 1824 823 1878 uncia
841 1826 932 1879 tenere
949 1827 1062 1878 oonstet.
1098 1824 1203 1894 Heynio
1222 1842 1311 1880 veram

137 1893 172 1947 ab
203 1894 259 1946 Inte
293 1892 395 1946 olatore
427 1841 546 1946 iusedus
563 1892 678 1949 videtur.
700 1922 727 1929 -
748 1889 812 1952 531.
841 1890 929 1972 Vulgo
947 1891 1053 1946 iudicio
1071 1894 1213 1962 postferte.
1244 1892 1311 1963 quod

138 1975 198 2013 oum
219 1975 269 2026 erp
280 1959 346 2014 mari
362 1975 414 2013 uon
433 1959 527 2039 possit,
558 1959 643 2028 Sillig.
664 1976 678 2013 e
696 1959 764 2013 eoni.
783 1958 928 2013 substiturt
983 1959 1116 2029 lr‘ioeque,
1135 1960 1199 2015 ooll.
1219 1977 1246 2015 v.
1265 1965 1309 2015 ltl

137 2043 207 2096 sqq„
237 2028 269 2080 ut
298 2042 393 2079 sensns
423 2029 472 2079 srt:
502 2027 573 2093 ‚Dii¹
597 2028 687 2096 patria
704 2028 733 2080 et
749 2026 836 2080 Minos
855 2026 912 2081 eius
974 2027 1035 2080 inus
1053 2027 1311 2091 condemnaverant3

136 2110 207 2147 unus
225 2094 348 2147 restabat
364 2095 471 2162 pater.“
532 2110 590 2164 eyn.
610 2095 679 2149 coni.
696 2094 847 2164 putrisque,
866 2093 938 2164 quod
957 2094 1070 2164 Haupt,
1089 2095 1197 2150 Ladew.
1218 2099 1248 2151 et
1266 2096 1310 2150 as

135 2160 217 2214 noist.
248 2167 415 2229 receperunt.
450 2160 502 2215 Sed
531 2178 592 2216 oum
618 2160 704 2230 patris
726 2161 817 2215 odium
834 2161 954 2230 proximo
972 2162 1080 2216 demum
1098 2178 1179 2217 versu
1197 2179 1312 2218 eommo-

136 2232 263 2291 morotur‚
292 2244 341 2281 nos
369 2244 428 2282 oum
447 2228 527 2282 Ribb.
547 2229 706 2284 retinuimus
722 2228 820 2298 Silligii
835 2229 1026 2309 eonieeturam.
1045 2263 1077 2270 —
1096 2232 1255 2301 coniugis
1295 2232 1309 2284 ἰ

136 2312 158 2350 e.
177 2296 308 2350 Minorsa
336 2312 364 2350 se
391 2296 485 2350 amati.
521 2296 564 2350 Sic
592 2297 712 2351 coniunx
728 2297 871 2367 aliquotres
889 2314 937 2367 pro
955 2297 1040 2352 amfoo
1057 2296 1101 2351 vel
1117 2299 1216 2353 amios.
1252 2273 1309 2355 iil.

134 2364 239 2418 adnott.
270 2362 305 2417 ad
326 2362 382 2417 Ilel.
401 2363 477 2428 VIII,
499 2366 536 2417 18.
568 2364 633 2419 Aen.
653 2364 703 2432 III,
722 2367 780 2419 330.
809 2364 999 2425 V11‚1so.-
1017 2362 1083 2427 532.
1111 2365 1202 2434 Vulgo
1224 2384 1310 2447 appo-

133 2430 446 2553 ltltttutllle
461 2431 700 2554 llllmlllll
717 2434 824 2560 3333
842 2448 916 2567 Ilm
934 2432 1310 2568 'etlulztwltlt

135 2566 299 2646 fugiuntque
317 2566 380 2619 ciris
404 2568 432 2621 et
447 2539 603 2621 ’haliaeetus
623 2545 699 2629 ιιιιιιι,Ι
722 2517 946 2636 quemadmddurii
964 2568 1017 2622 duo
1034 2568 1123 2622 sidera
1140 2516 1268 2648 Sciipius
1285 2572 1310 2621 et

135 2635 217 2688 Onon
237 2636 297 2686 ortu
318 2637 345 2686 et
363 2649 458 2688 occasu
476 2651 504 2689 se
523 2635 616 2703 lugere
634 2635 761 2704 aequique
781 2634 916 2689 videntur.
945 2636 1057 2703 Quoties
1075 2636 1147 2690 euim
1166 2637 1249 2690 Onon
1269 2654 1309 2690 oo·

135 2699 209 2765 cidit,
239 2701 326 2754 altera
351 2717 380 2754 ex
417 2705 476 2755 arte
494 2702 544 2755 See
577 2703 619 2756 ius
637 2702 763 2757 exoritur.
800 2701 840 2755 cf.
859 2704 959 2757 Aratus
979 2720 1002 2756 v.
1021 2707 1101 2756 303⁸
1141 2709 1194 2758 ,et
1212 2704 1306 2785 Hygin.

134 2769 240 2821 Astron.
260 2768 295 2830 Π,
315 2772 356 2823 26.
376 2718 426 2835 lli,
446 2771 505 2823 33.“
572 2787 630 2839 eyn.
666 2769 709 2823 cf.
727 2769 808 2823 etiarn
827 2770 901 2850 loeus
919 2771 1015 2851 similis
1033 2720 1163 2838 (leodii,
1184 2775 1244 2826 233.
1262 2773 1308 2851 rbi·

134 2852 186 2904 que
204 2835 310 2888 adnott.
331 2866 358 2873 —
376 2835 441 2895 534.
468 2836 557 2905 Vulgo
574 2839 735 2906 mdiorum
761 2839 788 2891 et
807 2837 893 2907 Srlhg.
937 2838 1026 2892 uidem
1043 2855 1096 2892 non
1113 2840 1257 2893 stellontm
1274 2859 1307 2892 sr-

134 2905 199 2956 dere
217 2902 312 2956 ooniun
334 2903 403 2957 enda
419 2920 477 2958 esse
496 2906 584 2972 putot,
612 2905 658 2959 sed
677 2920 755 2974 quem
772 2923 854 2957 uuum
871 2913 910 2958 ste
953 2924 1022 2970 rum,
1041 2907 1058 2961 i.
1078 2923 1100 2960 e.
1118 2907 1190 2960 iuter
1207 2907 1308 2968 stellas,

134 2973 166 3024 ut
183 2987 227 3040 ap.
248 2919 349 3025 Catuil.
367 2971 413 3034 IV,
433 2975 457 3024 2.
507 2972 616 3027 daaelua
633 2973 675 3025 ait
694 2972 804 3026 nuvium
821 2973 985 3036 celerrimam,
1016 2974 1061 3028 ubi
1091 2989 1171 3028 snam
1197 2975 1308 3029 conferri

134 3039 210 3093 iubet
240 3038 333 3093 adnot.
369 3038 441 3105 (vid.
472 2990 553 3094 eiiam
583 3040 694 3094 anobis
713 3039 819 3093 adnott.
837 3041 871 3094 ad
891 3042 955 3095 Aen.
975 3041 1008 3104 V,
1029 3043 1096 3107 122.)
1130 3040 1201 3096 Cum
1219 3045 1305 3097 tamen

134 3107 175 3161 ed.
194 3108 267 3160 lunt.
286 3107 414 3176 praebeat
438 3107 582 3175 subustum,
611 3108 661 3162 hoo
688 3122 749 3162 oum
767 3107 886 3177 Hauptio
905 3112 932 3162 et
948 3108 1026 3163 Ribb.
1046 3111 1078 3162 ut
1097 3109 1190 3190 aptius
1208 3109 1307 3179 praefe-

134 3175 246 3228 rendum
259 3174 392 3228 duxinrus.
410 3175 530 3229 Beuoist.
540 3176 681 3230 stenelum
691 3174 851 3229 retiuuit-
865 3175 928 3237 535.
941 3175 981 3230 De
993 3175 1139 3246 Scor-pso
1158 3177 1247 3233 sidere
1258 3177 1306 3231 rid.

134 3243 243 3299 adGeo.
258 3243 279 3305 l.
294 3246 344 3309 35„
364 3242 397 3295 de
411 3242 537 3297 Orione
554 3243 588 3297 ad
608 3245 675 3298 Aen.
693 3243 715 3311 Ι,
736 3245 795 3296 535.
815 3243 864 3307 ΠΙ,
884 3249 941 3299 517.
960 3244 1006 3311 IV,
1027 3248 1067 3297 52.
1087 3243 1123 3298 al.
1160 3246 1264 3316 Haupt.
1282 3250 1306 3298 et

132 3310 259 3364 Ribbeck.
275 3326 335 3363 eum
348 3309 412 3364 Cod.
428 3310 507 3365 Brun.
521 3312 643 3365 scribunt
655 3310 798 3381 Scorpios.
818 3341 848 3350 —
868 3311 1029 3365 alternae.
1048 3310 1108 3365 vid.
1122 3328 1206 3381 supra
1218 3331 1242 3366 ι.
1253 3318 1306 3368 351.

134 3407 163 3416 -
177 3376 242 3438 537.
252 3378 390 3431 anemuri
404 3378 480 3442 foto
500 3379 554 3433 lere
572 3383 604 3433 ut
616 3381 681 3434 Aen.
694 3377 717 3446 1,
727 3375 754 3450 5
765 3395 908 3433 memorem
919 3379 1035 3433 Ieremia
1053 3381 1086 3432 ol
1104 3380 1188 3436 iram.
1202 3413 1231 3420 -
1244 3379 1305 3442 538.

132 3444 218 3513 aillig.
238 3445 282 3497 hio
300 3448 327 3498 et
345 3461 369 3498 v.
382 3449 439 3502 541.
458 3463 505 3514 pro
523 3446 596 3515 vulg.
610 3449 721 3501 uellem
739 3461 769 3500 ex
787 3447 880 3526 paucis
897 3447 980 3501 Codd.
999 3447 1099 3516 recepit
1117 3453 1196 3517 aera,
1214 3450 1240 3503 in
1259 3464 1307 3517 quo

133 3528 193 3565 eum
214 3515 322 3565 secutus
341 3517 383 3565 eat
401 3513 500 3582 Haupt.
538 3515 590 3569 Sed
615 3530 676 3569 eum
695 3513 803 3583 plurimu
822 3513 907 3573 Codd.
927 3515 1039 3569 uetlrera
1057 3514 1211 3580 exhibeant,
1240 3519 1269 3571 et
1284 3531 1306 3567 ι.

133 3583 275 3634 538-541.
305 3579 344 3658 ad
376 3581 523 3661 verbum,
539 3598 569 3636 ex
587 3583 652 3638 (leo.
671 3582 694 3645 1,
712 3585 762 3636 406
780 3597 839 3701 spu.
856 3578 947 3702 'petiti
978 3583 1041 3645 siut,
1073 3583 1118 3637 ubi
1146 3586 1252 3653 pariter
1268 3584 1307 3636 bis

132 3648 244 3701 uellem
271 3647 381 3715 letrtur.
413 3664 474 3701 cum
491 3648 568 3705 aab.
589 3652 617 3705 et
634 3649 762 3703 BenoIsto
780 3665 789 3701 1
810 3665 852 3703 eur
892 3651 915 3703 ie
934 3666 1038 3720 quoque
1058 3651 1231 3707 retinendum
1249 3668 1307 3706 cen·

133 3715 243 3768 suimus.
302 3718 404 3768 eteruru
424 3716 457 3769 of.
478 3716 582 3770 adnott.
604 3720 638 3772 ud
657 3717 720 3770 (leo.
740 3716 757 3772 l.
780 3715 799 3772 l.
