2872 5070
452 1062 491 1148 P.
518 1067 937 1152 illuminationis

353 1235 1043 1370 AENEIS.

536 1457 650 1522 hlBllll
671 1454 863 1523 SEPTIMUS.

500 1720 906 1806 laduuhuruu

144 1967 151 1979 υ
182 1900 311 1979 Caietam,
336 1901 466 1956 nutricem
487 1920 570 1971 suam,
595 1908 701 1962 Aeneas
722 1906 818 1976 sepelit
840 1906 982 1975 locumque
999 1903 1088 1972 ipsum
1107 1905 1142 1958 ab
1161 1904 1217 1959 eiua
1235 1921 1282 1958 no·

114 1983 185 2021 mine
203 1968 324 2023 Caietam
346 1969 466 2038 appellat
485 1974 592 2040 (1-4.).
626 1974 694 2029 Inde
709 1974 799 2030 Circes
825 1972 915 2028 cedern
937 1972 1151 2042 praetervehitur
1169 1974 1282 2040 (5-24.)

112 2035 281 2104 secundoque
297 2039 377 2116 rento
394 2038 429 2091 ad
446 2038 549 2094 Tiberis
567 2041 639 2095 ostia
655 2045 684 2096 et
701 2042 814 2097 adverso
831 2041 941 2095 flundue
960 2040 1169 2094 inhaerentem
1186 2056 1283 2108 agrum

112 2101 243 2166 defertur,
265 2103 312 2157 abr
333 2105 453 2160 escendit
469 2109 608 2175 (25-36.).
643 2109 815 2177 Digreasione
838 2109 912 2163 iacta
934 2108 968 2162 de
990 2108 1077 2175 priseo
1101 2107 1173 2161 Latii
1198 2111 1283 2174 statu,

111 2170 144 2224 de
186 2170 307 2240 rodigiis,
329 2172 427 2242 quibua
445 2173 542 2229 Latino
563 2177 622 2256 regi
638 2177 814 2232 Troianorum
836 2176 969 2231 adventus
997 2174 1175 2229 denuntiatus
1193 2175 1284 2229 iuerat

110 2241 138 2292 et
172 2254 190 2318 e
208 2238 295 2292 Fauni
313 2240 430 2320 oraculo,
454 2242 526 2322 quod
543 2243 692 2310 Larmiam,
715 2245 787 2314 regis
810 2243 905 2310 filiam,
930 2246 1037 2297 externo
1055 2242 1173 2298 advenae
1190 2259 1208 2296 a
1225 2243 1283 2296 fato

109 2305 273 2361 destinatam
297 2306 399 2362 hommr
416 2308 512 2364 Latino
534 2310 563 2364 iu
585 2312 788 2366 matrimonium
813 2310 872 2365 dari
894 2313 1020 2365 vetuerat
1037 2313 1193 2377 (37-106.),
1220 2326 1283 2364 nar·

109 2376 188 2428 ratur
205 2377 341 2428 osmntum
360 2391 527 2431 comesurum
543 2394 706 2448 mensarum,
728 2378 798 2433 unde
815 2378 981 2447 cognoscunt
998 2377 1113 2439 Troiani,
1136 2376 1206 2431 hauc
1224 2393 1283 2431 esee

110 2444 210 2495 terram
241 2441 307 2495 fatis
338 2442 390 2521 sibi
420 2443 541 2499 debitam
564 2449 737 2511 (lot-tlt).
772 2445 919 2515 Explorato
948 2443 1033 2523 igitur
1065 2443 1152 2498 vicina
1175 2445 1283 2512 regione

110 2511 214 2588 Aeneas
231 2509 265 2564 ad
285 2509 412 2565 Latmum
430 2527 521 2580 regem
539 2517 648 2567 centurn
668 2516 788 2568 oratores
806 2513 902 2578 mittit,
929 2528 976 2582 qur
994 2527 1106 2567 munera
1122 2511 1147 2567 ei
1169 2510 1284 2566 offerant

110 2579 138 2630 et
156 2577 231 2631 urbia
257 2577 409 2633 condendae
431 2578 521 2634 locum
546 2583 642 2648 petant
663 2584 835 2649 (148-157.).
869 2582 941 2635 Dum
970 2579 1027 2646 ipse
1048 2595 1132 2634 novae
1150 2579 1224 2633 urbis
1243 2579 1282 2632 lo·

110 2660 169 2697 cum
198 2644 330 2724 designat,
355 2646 470 2701 Latinus
496 2647 596 2716 legatis
623 2648 666 2703 ani
695 2648 812 2703 adeundi
834 2648 901 2702 iacit
925 2649 1089 2716 potestatem
1106 2648 1282 2713 (158-169.).

108 2712 194 2780 Regia
210 2711 268 2766 Pici
290 2714 442 2768 accuratius
460 2714 597 2783 descripta
617 2719 781 2782 (lio-191.)
806 2714 920 2769 Latinus
948 2714 1085 2794 legatione
1102 2714 1217 2783 benigne
1234 2730 1283 2768 au·

22 2831 28 2844 ,
110 2778 169 2834 dita
186 2781 214 2833 et
228 2780 378 2860 promissis,
397 2797 466 2852 quae
484 2785 620 2852 petantur,
638 2785 746 2838 oraculo
766 2783 909 2838 obsecutus
926 2783 1068 2836 Larrnram
1085 2783 1190 2838 Aeneae
1207 2781 1281 2836 ultro

109 2847 137 2899 in
155 2849 356 2903 matrimonium
374 2849 506 2904 obtulisse
522 2849 640 2905 traditur
657 2853 830 2917 (llil—285.)¹
857 2849 970 2904 lnterim
986 2849 1054 2903 luno
1072 2848 1105 2904 de
1122 2849 1196 2904 caelo
1220 2864 1282 2903 con·

109 2914 226 3037 mitid
248 2915 1052 3040 Tiill⁰⁸0hildmeri”giiTtdiTlTilrhfflltm
1066 2917 1158 3038 itii}
1181 2915 1282 3038 ⁰32th

223 3023 230 3050 ‚
501 3003 526 3048 s,
659 3003 671 3039 s
705 3004 719 3041 r
753 3003 771 3038 n

111 3052 292 3116 (286-340.);
311 3068 379 3122 qnae
396 3053 513 3120 primurn
530 3051 666 3117 Amatam,
686 3053 778 3107 Latini
796 3001 904 3105 urorer
924 3053 1099 3118 (Ml-405),
1119 3052 1182 3118 post
1199 3051 1281 3105 etiam

109 3117 238 3182 Turnum,
266 3118 430 3173 Rutulorum
451 3135 542 3188 regem
558 3119 700 3173 Lavinium
722 3118 774 3173 sibi
799 3134 908 3171 uxorem
924 3118 1101 3185 expetentem,
1131 3116 1209 3171 furiis
1226 3117 1282 3169 ruis

109 3185 207 3252 implet
223 3188 388 3252 (loe-474.)
406 3189 488 3256 atque
505 3185 567 3239 inde
583 3186 757 3240 Troianorum
774 3183 917 3243 iuventuti,
942 3198 1009 3252 quae
1027 3185 1087 3237 tum
1105 3182 1175 3238 forte
1192 3183 1219 3237 iu
1237 3200 1283 3238 ve·

109 3253 218 3308 natione
240 3257 306 3319 erat,
330 3258 501 3309 mansuetum
526 3269 634 3308 cervum
653 3253 753 3314 obiicit,
777 3250 887 3306 delicias
906 3250 1010 3320 Tyrrhi,
1034 3251 1190 3305 armentarii
1207 3251 1282 3320 regii,

111 3320 222 3390 eiusque
238 3321 398 3387 liberorum
417 3338 496 3392 quem
514 3337 575 3375 curn
587 3321 718 3376 Aseamus
738 3321 840 3390 sagitta
857 3318 1036 3385 vulnerasset,
1054 3320 1148 3373 rustici
1167 3336 1226 3374 arre
1246 3320 1282 3372 tis

110 3389 194 3442 armis
215 3389 243 3442 in
261 3388 389 3445 Troianos
410 3391 447 3444 im
467 3394 541 3444 etum
565 3389 670 3444 iaciunt
698 3390 862 3452 ato-510).
897 3386 1002 3441 Allecto
1022 3402 1052 3440 ex
1070 3387 1206 3457 superiore
1224 3337 1282 3440 Troo
1347 3456 1350 3461 *

111 3456 253 3536 classicum
276 3459 349 3512 canit
366 3461 395 3513 et
413 3406 484 3514 bafia
502 3457 617 3511 conflato
635 3472 680 3512 cae
701 3458 784 3536 untur
803 3455 909 3535 almon,
934 3453 1030 3522 Tyrrhi
1048 3454 1121 3535 filius
1140 3456 1208 3509 natu
1227 3470 1283 3508 ma-

110 3540 206 3590 ximus,
230 3526 259 3578 et
275 3524 414 3588 Galaesus,
438 3524 557 3594 agricola
577 3525 665 3578 totius
683 3540 801 3593 regrours
819 3522 970 3576 ditissrmus
988 3524 1016 3575 et
1035 3523 1170 3591 probitate
1189 3522 1283 3576 doren-

111 3591 234 3645 tiasimua
252 3596 425 3661 (tii—571.),
454 3608 565 3662 quorum
583 3607 694 3660 corpora
710 3608 771 3646 cum
789 3592 817 3644 in
834 3589 927 3644 urbem
946 3593 1036 3644 essent
1054 3589 1152 3654 delata,
1177 3589 1282 3643 Turnus

110 3662 140 3713 et
157 3661 257 3714 Arnata
275 3660 402 3716 Latinum
425 3660 461 3715 ad
483 3659 609 3714 iniuriam
633 3659 822 3714 vindicandam
845 3657 1000 3725 bellumque
1018 3657 1215 3725 suscipiendum
1234 3655 1282 3709 sti·

111 3726 219 3781 mulant
240 3729 412 3799 (tua—moa
447 3728 499 3794 Qui
528 3743 588 3786 cum
618 3727 737 3782 fatorum
765 3729 794 3781 et
825 3723 941 3779 foederis
966 3741 1052 3807 nuper
1076 3740 1137 3778 cum
1160 3723 1283 3778 Troianis

111 3794 173 3848 initi
201 3811 302 3850 mernor
331 3796 430 3852 adduci
446 3813 499 3850 non
520 3798 622 3864 posset,
651 3797 683 3848 ut
700 3794 821 3849 Troianis
839 3791 941 3846 bellum
961 3792 1100 3854 indiceret,
1129 3791 1196 3845 luno
1224 3791 1285 3858 ipsa

110 3861 180 3916 Belli
204 3865 296 3932 portas
318 3880 334 3917 a
354 3866 407 3919 erit
424 3865 599 3933 (ὅθι-622).
633 3862 719 3916 Turni
741 3861 866 3931 auspiciis
888 3858 923 3913 ad
946 3859 1046 3913 bellurn
1065 3862 1162 3913 exeunt
1180 3857 1284 3911 Mezen-

111 3931 168 3984 tius
190 3946 245 3986 una
266 3948 326 3986 cum
367 3947 431 3986 auso
457 3932 513 3985 filio
531 3932 706 3997 (ola-ooli,
735 3930 801 3984 item
819 3926 979 3989 Aventinus,
1010 3926 1134 3980 Herculia
1157 3941 1188 3979 er
1210 3924 1285 3977 Rhea

110 3997 184 4051 iilius
202 4003 376 4067 (ooo-669),
402 3999 517 4054 Catillus
540 4000 569 4053 et
585 3997 667 4052 Coras
691 3995 844 4058 Tiburtimi,
874 3994 974 4048 fratres
997 3997 1163 4058 (ouo-677.)
1186 3991 1285 4070 aliique

111 4065 271 4134 complures,
291 4083 404 4136 quorum
421 4068 485 4121 inde
506 4082 523 4120 a
540 4082 564 4118 v.
583 4068 642 4119 678.
664 4082 748 4134 usque
766 4063 897 4117 adfinem
916 4061 980 4115 libri
998 4060 1030 4114 fit
1047 4061 1180 4124 recensio,
1200 4060 1285 4112 mter·

111 4149 163 4203 quc
182 4150 227 4189 eos
244 4135 326 4190 etiam
343 4134 467 4198 Camilla,
485 4133 597 4188 Volscae
613 4132 703 4203 gentis
720 4132 796 4200 virgo
815 4128 963 4184 fortissima
982 4129 1155 4197 (soa-alh).

171 4702 285 4744 vanam.
305 4703 377 4741 PARS
398 4700 444 4740 111.
465 4701 511 4739 lan.
532 4699 573 4738 1v.
