2872 5070
483 267 714 336 AENEIDOS
736 268 822 336 LIB.
842 267 919 334 XII.
1218 277 1276 337 611

108 439 175 502 Nee
196 446 232 501 tu
254 458 303 499 me
326 437 417 500 adria
438 435 541 501 solam
562 459 647 501 nunc
671 436 747 501 sede
769 436 899 501 videres
1228 447 1278 497 810

108 522 220 606 Digna
241 517 377 604 indigna
396 522 475 666 pati,
498 519 555 584 sed
577 519 717 585 flammis
741 524 847 585 cincta
868 518 929 584 sub
952 520 963 582 i
989 541 1027 582 sa

109 604 237 669 Starem
259 604 328 666 acie
351 613 402 666 tra
426 624 577 689 eremque
598 603 732 669 inimica
753 605 786 668 in
810 602 935 688 proelia
956 540 1113 667 'leucrom

109 689 278 751 Iuturnam
300 686 429 766 misero,
450 686 564 768 fateor,
587 708 776 751 succurrere
796 687 892 751 fratri

111 770 207 834 Suasi
229 776 260 832 et
306 791 342 832 ro
364 770 431 833 rita
453 770 579 834 maiora
600 768 721 833 audere
767 769 901 850 robavi3

110 853 183 916 Non
200 860 235 914 ut
254 790 319 916 tela
340 862 458 933 tamen,
479 874 545 915 non
566 860 601 915 ut
623 791 831 916 contenderet
852 872 981 934 arcum3

110 934 236 999 Adiuro
260 934 367 1021 Stygii
389 943 489 1020 caput
508 933 707 1020 inplacabile
727 934 835 1017 sontis,

114 1122 320 1130 ...m-—

111 1234 173 1295 816.
204 1234 280 1287 Nec
309 1190 375 1287 tis-
406 1234 609 1298 ·niderer‚
639 1233 697 1288 scil.
728 1233 779 1287 nisi
807 1233 874 1288 haee
902 1233 943 1288 ita
970 1249 999 1287 se
1027 1233 1159 1287 haberent
1188 1233 1280 1285 etro·

110 1303 202 1355 luntas
237 1303 286 1355 tua
317 1302 383 1355 mihi
417 1304 490 1356 esset
524 1302 627 1428 ipnota.
673 1301 714 1357 ef.
750 1301 832 1356 etiam
868 1301 940 1355 inira
973 1318 998 1355 v.
1029 1303 1087 1354 879.
1117 1302 1146 1355 66
1174 1298 1279 1354 666666.

111 1370 145 1423 66
176 1369 239 1423 Geo.
271 1369 322 1436 Ill,
351 1373 407 1424 662,
433 1400 466 1408 -
491 1369 552 1428 81.
582 1371 689 1438 dipsa
719 1370 859 1438 indipna
910 1369 967 1422 ati.
1010 1368 1053 1422 Ci.
1082 1367 1172 1422 Plaut.
1204 1367 1280 1423 Asin.

111 1437 133 1498 l,
151 1440 174 1500 3,
194 1441 234 1490 94.
265 1436 374 1504 Diprsos
402 1438 533 1504 iodipnos
560 1437 641 1491 66666
668 1441 697 1491 66
724 1436 777 1490 vid.
808 1435 914 1489 adnot.
943 1435 978 1489 ad
999 1435 1046 1500 IX,
1069 1440 1126 1490 596.
1155 1433 1202 1497 ΙΙΙ,
1224 1438 1280 1488 190.

111 1503 146 1557 al.
192 1501 270 1557 Adde
297 1503 380 1558 etium
407 1505 498 1574 Intpp.
529 1503 563 1557 ad
593 1503 650 1559 Liv.
678 1504 776 1572 XXIV,
800 1508 840 1571 16,
870 1508 894 1557 9.
915 1534 947 1542 -
965 1502 1138 1572 „flammis
1168 1503 1281 1555 cincta

111 1570 145 1624 ad
177 1575 306 1624 terrorem
335 1571 436 1625 dietum
465 1574 546 1640 puto,
580 1575 612 1624 ut
644 1572 753 1626 flamma
785 1571 814 1625 in
843 1571 970 1625 Itoianos
1001 1570 1116 1632 saeviat,
1149 1569 1191 1623 nti
1220 1569 1281 1637 quis

111 1639 181 1693 ferro
209 1638 266 1706 igni
286 1654 319 1692 ue
347 1639 465 1708 grassari
495 1638 607 1704 dicitur;
635 1639 688 1693 nisi
715 1639 786 1693 nube
813 1639 894 1708 ignea
922 1636 1089 1692 clrcumdata
1115 1637 1142 1690 in
1181 1652 1281 1704 ugnam

130 1704 217 1760 redire
245 1655 360 1760 vdlnisse
384 1705 491 1786 6666666,
521 1706 592 1775 quod
621 1724 655 1761 an
684 1723 736 1761 usu
764 1709 905 1786 poetarum
934 1706 1070 1785 probetur,
1101 1653 1179 1758 haud
1191 1703 1281 1758 novi.“

111 1772 1282 1921 66666666,6666696666661666,6866666666..66166

111 1908 146 1962 ad
163 1907 299 1975 Χ,131.);
332 1924 495 1977 quamquam
517 1911 599 1962 otram
616 1909 682 1963 haec
700 1908 807 1963 adiicit:
837 1909 916 1973 „Nisi
932 1909 1002 1962 iorte
1020 1923 1072 1977 rpsr
1091 1906 1129 1960 dn
1145 1908 1203 1959 toto
1223 1920 1282 1959 cor-

110 1992 172 2044 pore
202 1974 295 2030 666666
325 1977 461 2030 veteribus
484 1976 620 2030 interdurn
638 1977 689 2031 visi
707 1979 781 2038 sunt,
812 1977 882 2046 quod
900 1976 1013 2044 colligas
1031 1992 1045 2029 e
1063 1973 1127 2028 Silio
1143 1973 1205 2035 XII,
1224 1976 1281 2029 721.

110 2043 263 2097 Mirantem
278 2061 406 2123 nmmum
423 2043 513 2097 soem
530 2052 556 2096 at
569 2045 699 2113 flammea
715 2044 874 2113 membra;“
905 2045 987 2113 atque
1010 2042 1093 2097 etiam
1111 2039 1217 2095 Laden.
1237 2056 1281 2094 66-

110 2109 208 2177 plicat:
226 2112 276 2177 „m
292 2128 350 2165 esne
367 2111 545 2165 Fruarwollre
560 2112 734 2191 simpatddt,“
757 2127 841 2181 neque
859 2111 940 2166 616666
958 2109 1079 2165 Benoist.
1098 2114 1127 2164 et
1145 2108 1281 2176 Coniugt„

129 2178 155 2230 ni
174 2177 236 2231 coll.
255 2178 292 2241 11,
312 2182 370 2232 616.
390 2179 423 2233 66
441 2179 531 2232 nimbo
548 2182 662 2248 cogrtat.
690 2178 773 2234 Thiel.
792 2182 884 2234 autem
897 2180 1027 2246 flammas
1043 2177 1080 2232 ad
1096 2192 1173 2230 arma
1190 2177 1281 2244 splen·

131 2244 176 2298 ’66
193 2245 294 2300 referto
311 2246 426 2300 videtur.
462 2246 601 2316 Equidem,
626 2262 687 2300 eum
706 2246 807 2314 proelia
825 2248 853 2301 66
870 2245 994 2301 incendia
1011 2245 1133 2299 notiones
1150 2243 1207 2296 sint
1224 2258 1282 2297 ma·

109 2313 179 2392 rime
196 2316 334 2392 cognatae,
404 2332 489 2392 mmor
515 2313 548 2392 66
565 2312 659 2367 ardore
677 2330 782 2383 pugnae
798 2313 990 2383 intelligendas
1028 2317 1084 2391 uto,
1114 2312 1146 2365 nt
1160 2310 1283 2390 flammis

110 2387 199 2434 macte
227 2383 277 2434 s1t:
304 2397 346 2434 me
368 2382 390 2433 'o
409 2397 436 2434 m
454 2380 551 2450 proeln
568 2396 708 2444 concursu,
738 2397 771 2449 op
792 2382 892 2436 ositnm
911 2331 1081 2435 antecedenti
1097 2379 1186 2431 661666
1202 2382 1283 2431 atrro

110 2450 188 2516 aade;
217 2447 443 2527 quemadmodum
469 2464 493 2501 v.
513 2464 537 2501 6.
555 2447 610 2501 Cic.
628 2447 664 2502 ad
681 2447 756 2501 Fam.
801 2448 847 2514 VI,
867 2453 905 2501 11.
918 2448 1013 2514 fiebat,
1042 2453 1080 2512 at,
1110 2447 1176 2498 dam
1192 2445 1282 2497 minas

107 2516 228 2584 perlecta
239 2517 386 2577 videratur,
399 2517 524 2578 66666666,
540 2516 571 2567 in
577 2516 721 2583 flammam
730 2515 820 2585 ipsam
837 2516 884 2581 (sc.
904 2514 978 2577 belli)
991 2514 1108 2566 uenirem
1121 2513 1185 2566 cett.
1209 2511 1282 2578 Quae

110 2579 1283 2719 trattati?dttttttttttttttttiddttrtatim-itttitt

110 2717 243 2771 Sturam
260 2718 337 2772 coia
353 2717 433 2773 lectio
451 2719 494 2771 est
511 2717 686 2786 plurimorum
703 2717 798 2780 0666,
829 2733 910 2786 quam
936 2715 1031 2770 Iahnio
1049 2731 1165 2783 suasore,
1183 2715 1281 2784 Wagn.

110 2785 166 2839 iuro
183 2785 312 2840 restituit.
347 2786 372 2838 V
421 2787 504 2839 6666
521 2786 610 2854 »psam
628 2785 668 2839 St.
687 2786 781 2847 oeten,
801 2783 872 2853 quod
890 2758 983 2838 IIoins.
1001 2783 1102 2853 recepit
1118 2799 1148 2837 ox
1166 2781 1237 2837 Med.
1254 2785 1282 2836 et

110 2851 184 2917 aliis;
214 2852 262 2906 sed
280 2868 340 2906 cnm
357 2854 384 2906 in
435 2852 476 2906 66.
502 2853 632 2921 scripturn
651 2852 688 2907 sit
704 2854 754 2906 aab
772 2854 863 2924 ipsam
881 2851 980 2906 Stare
995 2853 1091 2916 amem,
1109 2866 1162 2905 non
1180 2852 1282 2904 temere

110 2919 204 2990 Wagn.
226 2919 387 2989 suspicatur,
406 2920 514 2975 literam
533 2939 568 2988 m,
586 2936 653 2990 quae
670 2921 751 2975 verbo
768 2920 940 2989 adiungenda
958 2921 1025 2985 6666,
1045 2919 1080 2973 66
1098 2918 1231 2972 oscitante
1248 2917 1283 2970 li·

109 2987 197 3041 brario
227 3004 275 3056 per
295 3003 368 3042 eram
399 2988 550 3042 nominibus
579 3004 637 3043 esse
666 2987 812 3042 adiectam:
842 2987 1003 3057 omniuoque
1020 3002 1116 3040 sonum
1132 2985 1282 3039 vicinorum

110 3055 251 3108 verborum
302 3073 386 3122 aram,
416 3057 551 3110 traherem
579 3071 685 3110 cerrum
705 3055 781 3109 endis
829 3054 938 3109 roximis
968 3069 1038 3109 voce.
1059 3053 1147 3107 locum
1166 3051 1281 3106 dedisse.

111 3123 146 3175 Iit
163 3122 246 3202 Stura
263 3125 314 3176 aab
332 3125 418 3202 aeterra
435 3123 524 3202 nescio
551 3139 585 3176 an
603 3123 674 3177 idem
685 3071 742 3176 Pllir
759 3072 830 3176 dccl.
849 3123 905 3175 iure
923 3120 1191 3199 soloccumconseat,
1220 3134 1282 3172 cum

109 3189 246 3259 Vergrhus
264 3191 461 3258 Praepositrom
479 3192 528 3244 666
551 3193 679 3259 quartum
697 3189 796 3244 Casum
814 3191 875 3243 tum
892 3190 1003 3242 tantum
1021 3187 1168 3256 adiungere
1185 3185 1281 3252 soleat,

110 3257 157 3310 ubi
175 3261 264 3312 motus
282 3258 379 3328 aliquis
397 3257 565 3327 significetur
582 3261 625 3324 (ut
642 3257 679 3326 ΙΙ,
696 3261 755 3312 442.
773 3261 831 3310 466.
861 3255 907 3320 IV,
927 3260 985 3310 494.
1017 3255 1048 3319 ΙΙ,
1069 3258 1126 3308 853.
1145 3253 1221 3318 VIII,
1241 3257 1281 3308 24.

110 3328 167 3379 638.
197 3325 245 3389 IX,
264 3330 320 3381 502,
340 3326 396 3392 al),
427 3327 532 3380 eertum
550 3329 651 3393 autem,
673 3326 720 3378 ubi
738 3325 813 3394 quies
831 3323 918 3377 locum
936 3322 1036 3376 habeat
1054 3323 1097 3389 (66
1114 3320 1160 3389 VI,
1179 3324 1238 3375 342.
1255 3323 1283 3375 66

110 3392 166 3460 al).
186 3392 213 3446 si
231 3396 323 3448 tamen
340 3393 373 3447 W
430 3435 436 3446 .
454 3393 525 3447 idam
545 3392 688 3447 discrimen
706 3393 789 3447 etiam
806 3391 874 3444 alios
892 3391 976 3445 bonos
995 3389 1139 3457 scriptores
1156 3391 1283 3443 constan·

110 3463 154 3513 ter
174 3476 279 3515 servare
299 3468 395 3516 conten
416 3460 445 3528 ‘t‚
476 3461 517 3514 ita
533 3463 565 3514 66
583 3460 635 3515 1666
652 3460 761 3529 quidam
779 3459 961 3522 adversantes,
990 3457 1036 3527 qni
1060 3456 1178 3510 nondum
1195 3471 1285 3511 omen·

110 3527 169 3582 dati
188 3529 244 3582 sint
262 3529 392 3583 bonorum
412 3528 498 3583 codd.
517 3528 688 3593 sustentate,
718 3543 827 3582 manum
847 3525 1054 3580 emendatricem
1076 3525 1223 3578 etiamnum
1239 3541 1284 3580 ex-

111 3599 236 3663 spectent
253 3600 288 3665 (s.
308 3613 330 3652 c.
348 3597 410 3650 I'ac.
429 3595 501 3649 Hist.
519 3595 552 3662 V,
572 3599 620 3660 11.,
644 3595 691 3650 666
708 3612 756 3665 pro
774 3594 877 3649 Iudaei
894 3595 943 3647 666
961 3593 1037 3662 ipsos
1054 3609 1145 3646 maros
1161 3600 1285 3647 mmmm

111 3664 200 3716 aciem
228 3663 373 3733 legendum
391 3663 428 3717 sit
444 3664 494 3716 666
511 3664 573 3743 ipso
590 3664 691 3727 maro),
726 3663 850 3717 euidem
868 3677 911 3715 me
929 3660 1060 3715 adsentiri
1075 3675 1128 3714 non
1146 3659 1285 3740 posseis-

112 3732 178 3793 6666,
199 3746 260 3783 cum
277 3731 408 3785 eiusmodi
425 3729 531 3785 dicendi
545 3730 685 3794 formulae,
705 3746 758 3801 qua
771 3731 792 3783 's
810 3732 853 3784 est
869 3729 899 3782 in
913 3735 1074 3798 potestaten
1090 3744 1147 3782 ease
1164 3729 1192 3782 et
1210 3743 1286 3781 simr-

110 3796 159 3863 les‚
179 3797 333 3852 6666616666
351 3799 502 3868 praegressi
520 3800 548 3852 66
565 3798 670 3868 quietes
681 3801 790 3852 secutae
808 3797 881 3851 notio
898 3796 927 3850 in
946 3811 1028 3850 unam
1046 3795 1200 3851 coalescunt
1217 3794 1283 3861 (vid.

110 3863 145 3916 66
164 3862 229 3918 Geo.
246 3863 284 3928 11,
302 3868 373 3934 243.)
400 3866 451 3920 hac
480 3866 508 3919 in
538 3883 567 3920 66
599 3864 772 3920 diiudicanda
800 3881 848 3919 nos
878 3864 1010 3918 cautiores
1037 3879 1095 3919 esse
1112 3863 1231 3918 iubeant.
1251 3891 1284 3902 -

110 3931 301 4053 1666666
320 3933 608 4056 canusini
636 3930 1013 4055 {ttrdttmtttt
1025 3930 1288 4053 mattilde

111 4067 250 4134 comparat
270 4066 349 4120 Ennii
367 4068 449 4123 verba
469 4068 536 4128 Quat
553 4074 577 4122 te
616 4069 750 4122 66666663
767 4068 830 4136 (inc.
847 4067 909 4121 libr.
926 4066 959 4120 ir.
977 4071 1001 4120 4.
1014 4083 1040 4137 p.
1052 4070 1109 4120 175.
1118 4065 1217 4132 67666).
1236 4064 1284 4118 Di·

111 4133 305 4202 stingnendum
323 4137 416 4189 tamen
434 4138 477 4189 est
494 4134 568 4190 inter
598 4150 668 4203 ocos,
699 4135 746 4190 ubi
763 4135 851 4190 verbis
868 4137 986 4189 amdam
1004 4137 1033 4188 66
1071 4135 1217 4188 6666661666
1234 4132 1286 4186 Ac·

110 4217 166 4255 cus.
184 4219 244 4255 oum
262 4202 341 4256 Infin.
355 4205 401 4283 (66
419 4203 472 4267 hic,
491 4217 535 4271 ap.
548 4203 608 4257 Ter.
618 4203 684 4258 Hoc.
696 4203 747 4268 111,
758 4207 783 4272 5,
797 4207 849 4268 31..
867 4201 991 4271 Appulei.
1005 4152 1070 4281 liei).
1082 4200 1115 4264 V,
1132 4203 1171 4254 11.
1185 4216 1211 4269 p.
1226 4202 1284 4256 342.

110 4269 179 4323 Oud.
197 4271 252 4333 611,
271 4273 299 4324 66
316 4272 363 4324 666
382 4270 494 4340 simplex
505 4270 601 4325 Aecus.
638 4286 748 4325 ersonae
762 4271 889 4326 adiicitur
902 4270 945 4337 (66
956 4285 1000 4338 ap.
1012 4268 1067 4322 Cre.
1081 4267 1114 4322 do
1143 4283 1200 4321 ros.
1212 4283 1283 4323 cons.

112 4341 152 4399 17,
170 4341 212 4391 42.
229 4336 336 4418 Ρ66666.
356 4341 398 4392 62.
417 4343 459 4392 64.
476 4338 601 4460 Ἢιὼί.
649 4341 687 4395 et.
704 4338 753 4407 IX,
772 4344 813 4394 25.
831 4355 858 4409 p.
871 4340 930 4392 642.
950 4335 1018 4390 Oud.
1036 4283 1150 4390 Tertud.
1170 4335 1203 4416 66
1221 4334 1283 4415 lrab.

110 4404 175 4458 mul.
196 4409 218 4460 1.
238 4405 322 4472 alibi).
342 4436 374 4445 -
392 4405 456 4468 815.
487 4445 505 4472 „
574 4406 678 4460 antiarn
700 4406 833 4461 formulae
849 4423 904 4460 oon
923 4412 1013 4458 tamea
1030 4411 1061 4456 at
1077 4402 1205 4472 examphs
1223 4400 1284 4456 illu·

110 4473 209 4527 stram
238 4473 364 4528 Heinsius
395 4474 431 4528 ad
459 4474 537 4528 ovid.
594 4490 631 4528 er.
653 4474 687 4539 V,
721 4476 782 4529 83.“
815 4473 923 4528 Peerlk.
961 4469 1092 4526 simulate
1119 4471 1229 4525 excusat
1257 4485 1287 4525 se

109 4538 176 4594 Iuno
198 4557 215 4595 a
235 4541 271 4595 ud
298 4541 390 4597 Iovem
410 4542 466 4597 eius
499 4541 724 4611 vituperationem
756 4558 781 4597 6.
812 4546 869 4597 797.
900 4539 1035 4610 prolatam
1069 4538 1221 4608 respiciens.
1251 4566 1286 4577 -

110 4605 174 4667 816.
237 4611 346 4664 dimo.
382 4609 423 4664 Do
449 4609 499 4664 hoc
526 4611 617 4679 verbo,
647 4608 719 4679 quod
746 4627 807 4665 raro
831 4625 893 4664 cum
910 4605 1027 4674 simplici
1044 4606 1139 4664 Accua.
1157 4621 1286 4676 personae

1021 4691 1077 4746 39*
