2872 5070
501 236 732 303 AENEIDOS
755 235 838 301 LIB.
860 232 919 299 IX.
1236 239 1297 301 275

209 404 382 468 Fortunati
404 402 515 467 ambo!
540 402 667 488 siquid
690 425 762 466 mea
782 401 927 465 carmina
950 406 1096 485 possunt,

127 485 226 551 Nulla
247 485 317 550 dies
337 508 491 572 umquam
512 487 648 551 memori
670 508 737 550 vox
759 487 880 549 eximet
902 503 996 564 aevo,

126 570 217 635 Dum
241 569 355 634 domus
376 568 507 632 Aeneae
530 567 672 654 Capitoli
693 566 846 633 inmobile
868 588 986 630 saxum

127 651 262 717 Accolet
283 653 518 737 imperiumque
531 664 633 799 peter
654 650 821 715 Romanus
844 647 986 714 hebebit.

211 735 363 800 Victores
386 734 512 820 praeda
561 733 642 798 utuli
664 734 841 820 spoliisque
865 733 960 818 potiti

126 817 335 883 Volscentem
358 819 542 882 exanimum
566 817 679 881 flentes
701 818 735 880 in
758 827 868 881 castre
890 813 1047 879 ferebant.

127 901 197 965 Nec
218 903 323 966 minor
345 901 378 963 in
400 903 518 965 cestris
539 899 645 964 luctus
667 899 849 964 Rhamnete
870 908 999 984 reperto

129 983 298 1069 Exsangni
321 992 353 1047 et
374 984 489 1069 primis
509 1005 574 1047 uns
596 991 644 1046 tot
665 981 765 1047 caede
787 981 965 1067 peremptis

129 1154 339 1162 ——-————--.--

129 1263 210 1316 etiam
228 1262 275 1327 VI,
294 1266 351 1316 522.
371 1265 601 1323 commemoratur.
619 1263 691 1316 infra
707 1263 741 1325 X,
762 1266 818 1315 745.
838 1262 982 1331 opponitur
999 1264 1073 1315 dura
1085 1262 1171 1330 quies
1191 1294 1224 1301 -
1240 1261 1300 1323 446

130 1346 187 1408 sqq.
206 1330 274 1409 Cum
290 1330 341 1384 hoc
359 1329 564 1410 epiphonemate
582 1329 799 1410 splendidissimo
817 1331 846 1383 et
864 1329 1122 1408 adn-miserationem
1139 1330 1298 1410 movendum

128 1402 268 1451 stresrmo
299 1398 385 1466 Heyn.
415 1398 530 1451 conferri
556 1398 632 1451 rubet
655 1400 822 1452 rmrtatrones
837 1397 919 1451 Stutu
940 1395 1021 1450 Theb.
1040 1396 1074 1459 X,
1094 1400 1144 1451 443
1162 1414 1220 1467 sqq.
1239 1398 1300 1453 Srlu

128 1413 235 1529 ilses
253 1482 312 1546 sqq.
342 1470 370 1519 et
393 1465 452 1519 Val.
482 1465 572 1519 Flacci
597 1465 634 1527 11,
662 1468 710 1519 242
729 1481 786 1534 sqq.
822 1464 898 1517 Adde
920 1465 1020 1517 Auson.
1051 1464 1128 1517 Ceut.
1158 1466 1234 1533 nupt.
1259 1469 1300 1518 Π.

128 1532 279 1586 Fortunate
301 1533 389 1600 ando,
412 1533 440 1584 ei
454 1534 524 1601 quid
542 1533 596 1602 piu
617 1534 729 1586 numina
744 1540 868 1602 possunt.
897 1531 979 1584 nuth.
997 1531 1060 1584 nat.
1077 1530 1099 1599 Ι,
1120 1534 1301 1595 171,119.et

127 1598 176 1663 IV,
194 1603 253 1663 209,
270 1601 311 1655 25.
331 1601 492 1667 (Fortunati
514 1600 604 1666 aerbo)
627 1603 710 1669 etque
730 1600 753 1663 1,
782 1602 836 1666 178,
865 1602 898 1652 24
928 1599 964 1665 (ei
988 1599 1059 1667 quid
1086 1616 1147 1652 oreo
1176 1601 1301 1653 camina

125 1673 253 1737 possum)
281 1671 309 1721 et
325 1669 449 1721 Ambros.
476 1667 548 1721 infre
564 1666 637 1722 lund.
672 1666 826 1736 Conington
844 1665 958 1719 conferri
975 1666 1050 1719 iubet
1067 1664 1123 1719 Ecl.
1142 1665 1189 1727 VI,
1208 1670 1224 1720 9
1242 1683 1300 1736 sq.
1370 1736 1372 1740 Ι

127 1762 161 1774 ··
178 1732 244 1793 447,
265 1734 306 1815 Cl.
324 1735 469 1856 P¹⁰g:.lvr
488 1734 561 1801 (111.)
582 1739 605 1802 l,
622 1737 663 1787 63.
692 1735 730 1788 At
745 1752 801 1787 nou
822 1734 931 1801 ingenio
960 1733 1111 1812 demeritam
1138 1751 1235 1787 nomen
1252 1684 1301 1814 'alr

126 1817 205 1933 tet,
218 1802 359 1948 ,istit
376 1802 456 1935 fell}
471 1801 1302 1950 ἔῖῶῗὲὲωρῖῗᾝῗέἕῖε,53302333ᾝὲἔῖἕῖιὲῗὲ

127 1938 157 1991 et
174 1937 267 1990 Arsen.
295 1936 379 1991 deser.
398 1938 454 1992 orb.
474 1941 536 1992 terr.
557 1940 615 1992 259.
634 1955 747 1991 memore
766 1939 828 1991 losse
853 1953 907 1990 sem
928 1953 958 1989 er
977 1935 1101 2005 patulas
1129 1953 1205 1989 aevo.
1239 1936 1300 1991 Vrd.

126 2003 211 2057 etiam
222 2004 347 2058 Moschus
358 2004 408 2072 111,
424 2007 479 2058 126.
498 2007 523 2058 st
535 2005 570 2057 δέ
580 2026 607 2059 τι
621 2005 714 2071 κήγὼν
726 2004 878 2074 Συρίσδων
914 2001 1034 2073 euripus,
1054 2005 1082 2057 et
1096 2019 1156 2056 cum
1169 2005 1228 2058 toto
1242 2005 1301 2058 loce

127 2069 416 2134 edocerentur,
435 2076 458 2136 ’1,
478 2077 518 2126 51.
548 2073 677 2141 Duosque
694 2073 752 2126 ears
764 2071 864 2126 victrix
881 2088 985 2125 omnem
1003 2072 1037 2124 de
1054 2070 1189 2125 merstem
1212 2073 1303 2126 orbem

127 2136 284 2208 Proepier'et
312 2140 444 2193 domitum
469 2139 580 2193 Martia
601 2139 702 2202 Roma,
725 2140 811 2219 leur,
831 2137 897 2192 Hor.
916 2138 966 2192 Od.
983 2138 1034 2202 111,
1055 2142 1096 2204 3⁰,
1115 2142 1139 2218 6·
1150 2155 1227 2219 sqq.⁴
1242 2139 1302 2205 (ibi-
1412 2195 1415 2200 ,

128 2220 179 2275 que
207 2206 339 2275 imprimis
369 2207 451 2261 verbe
468 2223 491 2259 v.
512 2209 535 2260 8.
558 2210 624 2260 dam
642 2206 742 2276 Capito
801 2226 809 2260 ι
838 2206 960 2260 Scaudet
987 2224 1048 2257 cem
1080 2214 1168 2259 tacita
1197 2208 1303 2274 virgiac

124 2273 266 2394 pmrtisee)
283 2274 437 2343 similesque
454 2274 520 2337 loci;
539 2290 606 2342 quos
625 2273 784 2342 collegimus
803 2273 837 2327 sd
858 2274 923 2329 Aen.
944 2272 967 2340 Ι,
986 2275 1044 2327 607.
1081 2272 1211 2327 Imitatur
1230 2273 1302 2327 hunc

137 2355 216 2394 ocum
232 2341 356 2396 Ambros.
376 2341 409 2396 de
427 2341 502 2395 obitu
520 2340 629 2396 Valent.
649 2345 688 2394 78.
718 2342 803 2394 Beati
821 2342 908 2404 crudo,
926 2340 953 2392 ei
974 2339 1045 2408 qaid
1064 2356 1140 2392 escae
1163 2342 1303 2394 ouationes

127 2407 263 2477 oakbaut,
279 2409 358 2463 uallo
374 2411 434 2463 dice
450 2427 499 2462 voe
516 2409 625 2462 ulmeio
638 2409 810 2478 suodedit,
830 2422 909 2474 quem
927 2406 996 2460 citat
1011 2406 1115 2460 Peerlk.
1137 2439 1171 2447 —
1190 2405 1248 2468 448
1261 2426 1301 2478 sq.

127 2474 212 2531 Genti
229 2476 314 2530 Iuliae
333 2479 493 2546 perpetuum
512 2475 570 2529 fore
587 2476 728 2544 imperium
742 2481 821 2543 poeta
831 2480 989 2542 auguratur.
1008 2476 1144 2540 ‚domus
1160 2475 1302 2543 Aeneae,

127 2559 194 2664 pens
212 2543 291 2607 Iulia,
322 2547 379 2608 eut,
407 2543 586 2623 quodminus
604 2543 706 2609 malim,
727 2543 833 2596 omnino
851 2541 967 2610 populus
984 2540 1129 2594 Romanus.
1148 2573 1181 2581 -
1198 2544 1303 2596 inmo·

148 2610 197 2663 ile
226 2629 355 2665 seeum:
377 2627 474 2681 qmppe
503 2618 640 2665 aeteruum
662 2610 835 2689 Capitolium,
855 2613 883 2662 et
900 2611 966 2662 ueta
983 2608 1103 2662 narratio
1126 2609 1159 2663 de
1178 2610 1302 2664 Termino

131 2677 190 2740 deo,
220 2679 266 2747 qui
294 2679 322 2732 iu
339 2678 524 2732 fundamentis
544 2677 671 2747 Capitolii
690 2677 819 2732 iaciendis
840 2693 893 2730 non
912 2676 993 2731 cessit
1009 2675 1096 2731 loco.“
1132 2677 1223 2746 Heyu.
1259 2677 1301 2733 Cf.
1384 2694 1387 2698 ·

127 2744 254 2801 lanciunt.
274 2746 306 2799 de
324 2746 395 2800 salsa
412 2746 486 2813 relig.
510 2746 532 2811 Ι,
551 2749 591 2800 20.
612 2775 645 2784 -
663 2743 728 2807 449.
743 2753 845 2815 poter
862 2743 1036 2797 Romanae
1054 2743 1158 2813 Heynio
1176 2749 1205 2799 et
1221 2746 1303 2800 Gess-

127 2813 201 2867 ravio
218 2813 326 2867 videtur
345 2830 402 2868 esse
419 2814 523 2892 Iupiter
539 2812 714 2892 Cepitoliuus,
734 2813 897 2892 quitamen
908 2827 1041 2890 nusquam
1056 2820 1140 2881 pater
1158 2813 1303 2893 Romanae

128 2880 811 3029 illidifferldililliddfflslliiilldl
825 2878 1130 3016 {lilffilhlihudlt
1143 2896 1304 3026 theeth

130 3018 202 3070 orbis
219 3015 333 3069 Remum
350 3032 491 3084 rmperrum
520 3017 577 3069 tore
606 3031 641 3069 au
680 3018 838 3077 rurentur“;
868 3030 936 3083 quse
967 3016 1031 3068 sunt
1054 3013 1180 3081 Wagnen
1212 3017 1302 3080 verbu,

130 3085 291 3138 conferentis
317 3084 401 3138 etiam
419 3085 520 3137 Aeson.
538 3081 647 3137 Prole
685 3082 815 3136 Theodos.
834 3097 859 3134 v.
878 3085 918 3134 21.
955 3083 998 3133 Tu
1020 3083 1104 3133 modo
1131 3089 1157 3134 te
1184 3083 1303 3145 deterrere,

131 3151 217 3206 Pater
235 3151 368 3215 Romane,
386 3157 523 3214 memento,
543 3152 571 3204 et
589 3150 760 3203 notissimum
778 3148 886 3202 Horatii
908 3148 996 3201 locum
1016 3146 1065 3200 Od.
1084 3147 1107 3210 I,
1127 3151 1151 3215 2,
1170 3153 1210 3203 50.
1246 3150 1305 3204 Hie

132 3236 206 3274 mnes
232 3220 290 3272 dici
315 3219 401 3273 Pater
429 3227 509 3287 atque
535 3217 678 3287 Princeps.
717 3217 831 3271 Omnino
857 3217 948 3293 autem
970 3214 1165 3281 Imperatorem
1194 3215 1304 3271 Patrem

132 3285 242 3341 Patriae
270 3286 404 3365 appellere
434 3303 492 3340 mos
519 3288 579 3338 erat
602 3284 738 3338 Romanis.
774 3283 884 3338 Praeter
912 3297 1001 3350 ipsum
1032 3286 1123 3335 autem
1150 3283 1304 3363 Augustum

100 3360 109 3373 '
132 3355 215 3409 etiam
235 3352 268 3407 de
288 3369 344 3407 erus
362 3353 466 3408 familia
483 3352 655 3422 cogitandum
675 3368 742 3413 esse,
766 3367 819 3405 nou
837 3348 967 3417 estquod
989 3365 1141 3425 memorem.
1172 3349 1302 3432 Niebuhr.

132 3420 228 3476 Rocm.
246 3419 345 3475 Gessit.
370 3420 429 3475 Vol.
446 3420 466 3474 I.
489 3424 545 3475 not.
564 3423 623 3474 831.
640 3423 679 3487 (et
696 3435 757 3473 cum
774 3434 805 3473 eo
822 3416 938 3481 Ledew.)
951 3423 1061 3495 patrem
1078 3419 1155 3471 Itone
1169 3417 1214 3471 hic
1236 3419 1305 3473 mhrl

133 3488 208 3543 uliud
226 3505 284 3543 esse
301 3491 400 3553 censet,
418 3489 471 3542 nisi
490 3489 574 3542 civem
584 3489 749 3553 Romanam,
767 3485 917 3554 Vergilium
935 3484 1037 3537 civibus
1055 3484 1172 3539 blandiri
1188 3488 1304 3541 voluisse

132 3556 285 3636 retus,„qui
303 3555 497 3635 antiquissimis
514 3555 689 3634 temporihus,
723 3570 784 3633 cum
812 3552 931 3632 nopdum
961 3553 1052 3630 essent
1080 3552 1186 3633 plebeii,
1213 3571 1304 3609 omnes

132 3625 374 3745 ttsttttttt
391 3619 1305 3766 littetttnlitttlntettldttntltttttitt‘tide

132 3758 195 3813 huic
214 3757 314 3812 simile:
332 3759 529 3828 impeeumqm
547 3758 622 3810 orbis
634 3757 777 3810 Rourouus
793 3756 910 3818 habebit,
930 3754 991 3808 coll.
1011 3754 1077 3810 Aen.
1096 3755 1144 3817 VI,
1164 3759 1222 3810 582.
1241 3759 1305 3811 sub-

132 3825 301 3880 stituendum
319 3828 418 3879 censet.
453 3825 568 3879 Gentius
585 3842 610 3894 p.
631 3829 672 3878 51.
689 3840 738 3892 pro
749 3831 838 3902 pater
873 3837 951 3876 arum
972 3821 1087 3875 feliciter
1108 3823 1176 3876 eoui.
1194 3833 1303 3895 pateris.

131 3922 164 3933 -
181 3891 249 3955 450.
263 3895 411 3962 praeda,
447 3909 510 3946 uam
527 3892 703 3962 ceperantde
721 3890 786 3944 Nrso
807 3893 834 3944 et
851 3840 985 3958 Euryalo,
1009 3890 1136 3959 spoliis
1163 3910 1217 3956 ue,
1236 3908 1305 3962 quae

131 3959 266 4030 Euryalus
284 3976 298 4013 e
317 3960 413 4014 cestris
457 3960 594 4014 utulorum
612 3959 770 4014 abstulerat.
807 3957 849 4011 Cf.
867 3974 892 4036 V:
910 3961 970 4010 457.
990 3988 1021 3995 -
1041 3909 1192 4013 Retu'lqoe
1213 3964 1304 4013 autem

132 4027 176 4083 hie
188 4045 238 4097 pro
248 4027 354 4081 Latinis
367 4030 446 4082 vocet
457 4031 538 4096 poeta
551 4027 613 4095 (vid.
627 4043 651 4080 v.
665 4029 713 4080 367
734 4027 814 4095 sqq.),
833 4027 865 4078 ut
882 4024 953 4078 infra
972 4040 998 4076 s.
1013 4029 1071 4078 517.
1085 4028 1113 4079 et
1124 4030 1181 4082 519.
1204 4027 1307 4079 Reddi

132 4095 313 4166 appellantur,
333 4094 381 4164 qui
397 4095 543 4150 secundum
560 4111 586 4148 s.
607 4099 664 4149 505.
699 4093 794 4147 Volsci
809 4095 894 4148 erant.
911 4092 1012 4145 Eadem
1030 4093 1168 4146 nominum
1185 4094 1304 4146 confusio

133 4162 342 4232 deprehenditur
364 4162 411 4227 ΧΙ,
430 4166 487 4217 518.
506 4166 564 4217 369.
583 4165 640 4217 603.
659 4165 716 4216 618.
736 4163 794 4215 623.
813 4161 974 4227 omninoque
992 4159 1084 4228 populi
1103 4158 1208 4214 foedere
1220 4161 1304 4213 iuncti

132 4230 206 4286 hund
224 4247 284 4285 raro
304 4230 513 4284 confunduntur.
546 4230 652 4284 Peerlk.
671 4232 763 4283 tamen
781 4244 828 4298 pro
839 4228 941 4282 Rutuli
953 4227 1020 4281 coui.
1040 4226 1169 4294 Euryali,
1188 4232 1219 4280 ut
1236 4227 1305 4281 hanc

133 4297 281 4355 habeamus
294 4299 468 4352 sententiam:
487 4298 611 4352 Victores
621 4297 712 4350 Latini
730 4311 791 4349 eum
808 4295 908 4364 praeda
925 4298 953 4348 et
971 4293 1072 4362 spoliis,
1092 4309 1160 4418 puae
1171 4295 1304 4415 Emilalus

134 4366 161 4420 iu
179 4365 278 4420 castris
295 4365 457 4420 Rutulorum
469 4365 578 4432 fecerat,
597 4370 687 4419 cestre
703 4363 865 4417 Rutulorum
878 4364 982 4430 petunt.
1001 4392 1034 4400 -
1051 4360 1090 4421 45
1107 4402 1114 4416 .
1132 4360 1199 4425 Pau,
1241 4378 1303 4423 om..

133 4432 202 4489 (lud.
221 4436 250 4488 et
268 4433 348 4486 ch.
369 4433 420 4487 ΙΙΙ.
439 4434 520 4487 etiarn
539 4433 582 4485 hie
609 4428 803 4493 exanimem,
834 4434 867 4485 ut
884 4447 909 4482 v.
927 4433 985 4482 444.
1006 4425 1205 4488 -45200111
1226 4432 1305 4482 urunt

135 4500 495 4562 flom.11.x‚523s.-
514 4501 695 4553 eranrnete
712 4506 858 4569 reperto.
893 4496 954 4550 Vid.
973 4512 1055 4563 supro
1072 4512 1097 4548 v,
1115 4499 1172 4549 359.
1201 4448 1304 4550 hcerllr.

135 4568 241 4623 confert
260 4567 321 4621 Vel.
340 4567 380 4622 ΡΙ.
444 4609 449 4629 ,
470 4572 527 4621 230.
556 4569 584 4620 in
601 4568 699 4620 mediis
724 4566 856 4645 ereanpui
877 4582 940 4631 repe
964 4572 1072 4632 reperto
1093 4564 1253 4633 Apperr'bue.

134 4634 196 4697 453.
213 4637 348 4705 prieris,
371 4636 542 4704 primoribus,
564 4636 732 4701 proceribus;
755 4637 787 4688 ut
807 4633 878 4686 snt'ra
895 4649 918 4685 v.
939 4636 995 4683 735.
1029 4632 1105 4686 Caes.
1124 4632 1154 4686 B.
1173 4633 1203 4685 C.
1222 4633 1244 4697 l,
1264 4638 1305 4686 35,

1045 4716 1095 4767 18*
