2872 5070
473 614 511 697 P.
537 614 726 698 nuncin
750 613 956 697 naucula

372 783 1060 964 Antania.

520 1006 634 1072 LIBER
655 1004 903 1073 nnonuolnns.

514 1271 923 1356 ARGUMENIUM.

197 1475 311 1540 Turnus,
342 1473 396 1543 qut,
422 1473 517 1527 fractis
535 1473 694 1527 latinorum
711 1473 817 1538 anImis,
843 1489 947 1526 omnem
964 1487 1039 1541 spem
1058 1487 1135 1525 snam
1152 1471 1183 1525 in
1204 1488 1234 1526 se
1255 1489 1306 1526 uno

130 1543 211 1596 sitam
239 1542 321 1604 videt,
351 1540 483 1609 singulari
508 1541 655 1595 certamine
673 1558 733 1595 cum
749 1543 840 1594 Aenea
865 1540 993 1594 dimicare
1021 1539 1120 1593 statuit
1136 1542 1164 1592 et
1183 1556 1233 1594 nec
1252 1539 1305 1594 dis-

129 1609 268 1664 suadentis
279 1609 370 1663 Latini
389 1609 513 1676 precibus
532 1624 581 1663 uec
593 1611 709 1662 Amatae
727 1609 834 1677 regiuae
853 1607 972 1662 lacrimis
990 1605 1101 1660 retiaeri
1118 1609 1221 1685 potest,
1240 1608 1304 1676 quin

128 1677 267 1731 Idmonem
293 1675 427 1747 quendam
455 1677 557 1740 mittat,
588 1677 634 1744 qui
650 1679 769 1730 Aeneam
795 1676 828 1729 de
857 1675 966 1729 consilio
992 1691 1040 1728 suo
1060 1675 1203 1728 certiorem
1222 1674 1304 1728 faciat

129 1746 251 1865 Sl-Stlh
269 1744 375 1813 Accipit
386 1742 566 1796 conditionem
580 1745 692 1808 Aeneas,
706 1747 818 1812 uterque
835 1743 869 1797 ad
882 1747 1019 1797 certamen
1031 1758 1060 1796 se
1073 1742 1234 1863 acciffiunn
1251 1742 1303 1795 foe

1175 1826 1228 1878 que
1246 1825 1301 1863 cer·

149 1813 200 1865 eris
213 1812 287 1880 leges
306 1812 340 1866 ab
352 1813 442 1864 Aenea
459 1817 644 1880 proponuntur
663 1814 691 1865 et
709 1827 785 1864 sacra
802 1810 998 1872 instituuntur;
1016 1810 1123 1864 Troesl

128 1881 251 1932 tamena
272 1878 385 1932 ectaturi
404 1879 565 1934 convenitnt
593 1881 736 1942 81-133.).
774 1878 842 1933 Iano
860 1895 922 1933 vero
941 1879 1040 1931 excitat
1061 1876 1205 1930 luturnam
1225 1893 1302 1945 nym-

127 1945 218 2014 pham,
258 1946 318 1998 urni
331 1961 458 2012 sororem,
479 1961 547 2014 quae
559 1945 691 2000 authunc
703 1946 784 1999 morti
798 1947 835 1999 eri
854 1946 903 2010 iat,
922 1949 970 2000 ant
989 1961 1043 1998 reru
1063 1961 1094 1997 ex
1111 1944 1220 1999 foedere
1231 1961 1302 1998 com·

128 2012 280 2080 ponendam
299 2012 630 2082 perturbatum-160).
667 2013 792 2066 Sancitnr
839 2014 920 2068 oedus
940 2013 1111 2078 (tol-msa
1153 2014 1193 2066 At
1212 2011 1302 2065 Iutur-

100 2107 104 2114 ·
129 2096 178 2134 nae
201 2080 334 2133 Camertis
364 2080 479 2147 speclem
508 2079 645 2133 induentis
674 2081 778 2135 artibus
811 2097 828 2135 a
857 2081 965 2135 Rutulis
995 2080 1137 2147 rumpitur,
1170 2096 1233 2133 cum
1251 2079 1301 2132 To·

128 2148 246 2201 lumnius
265 2164 360 2215 augur,
392 2147 460 2200 falso
479 2148 591 2226 augurio
610 2151 712 2202 certam
734 2148 789 2201 suis
812 2149 952 2202 victoriam
970 2149 1140 2216 promittens,
1167 2163 1252 2200 unum
1271 2163 1300 2200 er

128 2215 239 2285 Gylippi
268 2215 332 2268 filiis
359 2215 440 2268 hasta
458 2214 579 2268 traircIat
597 2218 771 2282 (216-276.).
808 2216 864 2282 Quo
890 2218 962 2270 facto
984 2230 1073 2283 pugna
1099 2213 1300 2283 redintegratur

128 2286 303 2351 (277-310.).
338 2284 442 2337 Aeneae
470 2298 583 2352 quoque,
614 2283 679 2336 dum
701 2283 785 2337 subiti
803 2283 939 2339 tumultus
959 2299 1066 2336 causam
1085 2282 1214 2350 Ignorans
1231 2283 1300 2335 iner-

128 2351 180 2405 mis
208 2368 270 2405 suos
297 2367 420 2405 revocare
448 2354 569 2415 conatur,
597 2367 627 2404 sa
646 2351 700 2405 itta
727 2350 883 2404 vulneratus
930 2350 1012 2404 roelio
1041 2347 1166 2403 excedere
1194 2350 1300 2418 cogitur

127 2421 301 2486 (311-323.).
338 2419 397 2484 Qua
422 2435 451 2472 re
478 2418 617 2472 intellecta
707 2435 739 2472 us
768 2418 847 2471 irruit
870 2369 1011 2471 inhostes
1028 2419 1057 2470 et
1072 2417 1212 2486 ingentem
1231 2420 1300 2470 stra·

127 2503 189 2606 pern
214 2487 271 2540 edit
291 2489 463 2554 (ΒΜ-382).
498 2486 609 2539 Interim
628 2486 727 2548 Venus,
751 2484 876 2553 decerpto
902 2503 933 2538 er
950 2485 1001 2538 Ida
1019 2484 1141 2538 Cretensi
1162 2484 1298 2538 dictamno

148 2555 211 2607 crba
238 2554 294 2606 filio
324 2571 372 2606 suo
401 2553 541 2606 vulnerato
573 2552 696 2606 medetur
716 2555 889 2620 (383-429.).
925 2552 1043 2606 Retectis
1066 2552 1168 2605 viribus
1187 2552 1299 2616 Aeneas,

128 2621 273 2674 Ascanium
299 2621 390 2689 paucis
418 2637 465 2673 suo
484 2620 603 2688 exemplo
621 2621 655 2673 ad
674 2620 800 2673 virtutem
820 2620 985 2681 cohortatus,
1013 2635 1072 2672 cnm
1093 2621 1226 2687 omnibus,
1271 2618 1299 2672 ui

127 2636 1299 2823 nteitrelinet-33⁵annunciante,ir

127 2797 232 2876 Inritus
251 2823 294 2875 sui
313 2823 417 2891 copiam
434 2838 486 2874 non
507 2822 591 2875 iaciat
610 2823 735 2886 (Iuturna
756 2823 835 2889 enim,
861 2839 927 2891 qnae
945 2840 1054 2876 excusso
1072 2821 1185 2875 Matisco
1204 2797 1299 2891 auriga

128 2907 235 2944 currum
266 2891 322 2944 eius
349 2890 512 2955 moderatur,
539 2890 565 2941 in
595 2890 728 2942 diversam
756 2906 860 2958 semper
887 2892 991 2957 partem
1009 2889 1127 2943 habenas
1148 2889 1299 2950 deflectens

127 2958 531 3091 ttttiithchtiiiil
547 2958 659 3090 titt
678 2958 839 3078 thath
853 2957 1299 3093 thatinradiatile

127 3111 226 3174 magna
251 3098 356 3163 strages
387 3094 484 3148 editur.
520 3092 639 3145 Tandem
667 3095 768 3145 Aeneas
800 3091 912 3145 Veneris
942 3093 1074 3145 instinctu
1101 3042 1298 3160 dppugnandae

126 3164 201 3215 urbis
219 3164 358 3216 consilium
377 3163 458 3241 capit,
478 3160 640 3238 admotoque
658 3159 692 3211 ad
711 3159 815 3212 moenia
832 3160 957 3223 exercitu,
976 3160 1004 3211 in
1023 3159 1226 3227 propugnacula
1238 3176 1299 3238 pro·

126 3231 198 3283 xlma
218 3247 249 3283 ue
269 3230 390 3283 aedificia
407 3245 497 3297 ignem
516 3228 624 3281 coniicit
642 3228 813 3293 (δοῦ-592).
850 3226 917 3280 Tum
938 3227 1009 3279 inter
1026 3243 1159 3279 summam
1178 3243 1298 3280 omnium

126 3247 334 3364 trepidationem
344 3299 452 3358 Amata,
466 3297 585 3349 Turnum
597 3294 750 3347 cecidisseo
770 3294 852 3355 inota,
866 3294 965 3346 doloris
976 3294 1145 3362 impatientia
1155 3294 1298 3361 suspendio

126 3364 211 3416 vitam
224 3364 284 3415 finit
295 3367 468 3428 (593-613I.
488 3363 594 3415 Tumns
614 3362 722 3415 territus
740 3311 856 3428 sirepitu
876 3363 910 3414 ab
928 3362 993 3414 urbs
1013 3360 1047 3414 ad
1065 3377 1142 3415 aures
1160 3361 1299 3415 accidente

126 3434 155 3483 et
182 3429 272 3482 dolum
289 3432 419 3484 Iuturnae
445 3429 618 3507 perspiciens,
649 3446 709 3481 cum
736 3445 784 3496 per
805 3429 898 3482 Sacem
916 3429 1024 3481 tristem
1041 3444 1129 3482 rerum
1148 3432 1253 3482 statum
1271 3431 1299 3481 et

124 3499 239 3550 Amatae
267 3502 379 3551 mortem
396 3498 586 3567 comperisset,
618 3496 719 3549 diutius
736 3495 845 3549 retineri
863 3512 915 3549 non
930 3498 1032 3615 potest,
1062 3497 1126 3565 quin
1144 3496 1218 3550 solua
1238 3513 1297 3549 cum

124 3564 213 3617 Aenea
243 3565 299 3617 solo
326 3564 472 3618 contendat
499 3579 611 3632 eumque
641 3581 671 3616 ex
697 3564 861 3631 praescripto
885 3563 927 3616 foe
948 3564 999 3617 eris
1019 3564 1089 3616 ultro
1107 3564 1142 3617 ad
1162 3565 1297 3633 singulare

126 3635 260 3684 certamen
279 3636 406 3710 provocat
425 3635 598 3698 (clu-octa.
621 3630 813 3698 Digladiantur
830 3631 901 3684 inter
918 3648 946 3684 se
965 3634 992 3685 et
1011 3631 1116 3684 Turnus
1135 3631 1222 3686 fracto
1240 3632 1297 3710 gla-

125 3698 169 3751 dio
196 3698 307 3752 inermis
335 3700 406 3768 fugit
423 3700 595 3766 (ssti-ltal.
631 3697 785 3766 Insequitur
801 3700 913 3753 Aeneas.
950 3701 1063 3752 Iuturna
1080 3715 1159 3752 snum
1177 3699 1296 3767 gladrurn

125 3765 214 3819 'harno
245 3766 334 3819 reddit
356 3771 384 3820 et
403 3766 494 3819 Venus
511 3767 616 3819 Aeneae
635 3766 740 3819 hastam
759 3766 786 3818 in
805 3767 908 3820 arboris
927 3767 1015 3820 radice
1035 3767 1191 3820 haerentem
1210 3770 1297 3820 extra·

125 3832 167 3886 hit
184 3836 357 3900 (tle-790).
391 3834 500 3887 Interea
522 3834 625 3902 Iupiter
655 3834 784 3887 Iunonem
810 3834 925 3888 ulterius
952 3835 1053 3887 saevire
1079 3836 1164 3900 vetat,
1194 3837 1222 3888 et
1240 3833 1296 3899 illa,

124 3904 267 3971 postquam
286 3902 397 3954 coniunx
420 3900 524 3969 petenti
541 3901 673 3970 promisit,
701 3900 811 3954 Latinos
829 3901 946 3968 patrium
966 3918 1071 3963 nomen,
1102 3918 1252 3955 sermonem
1271 3905 1298 3954 et

124 3971 253 4023 vestitum
271 3972 424 4023 servaturos
444 3985 510 4032 esse,
540 3968 648 4036 placata
675 3967 789 4022 discedit
807 3972 979 4035 (tal-aaa).
1014 3968 1125 4038 Iupiter,
1157 3971 1189 4021 ut
1206 3969 1297 4022 lutur-

125 4054 186 4091 nam
218 4039 342 4092 aTunro
371 4039 515 4097 removeat,
546 4036 634 4088 mittit
651 4051 732 4088 unam
750 4053 781 4089 cr
798 4036 880 4101 Diris,
911 4053 978 4105 quae
995 4042 1109 4090 noctuae
1127 4037 1214 4105 specie
1233 4039 1298 4089 ante

123 4103 208 4159 Turni
225 4106 315 4160 oculos
333 4105 435 4167 volitet,
466 4120 549 4171 eoque
574 4106 694 4156 monstro
718 4103 815 4157 terrIta
833 4104 949 4158 Iuturna
967 4121 1027 4157 cum
1047 4104 1121 4158 lnctu
1141 4105 1298 4184 gemituque

124 4188 141 4226 a
167 4173 250 4228 fratre
269 4173 384 4228 discedit
402 4173 576 4238 (843-886.).
605 4173 709 4224 Aeneas
732 4189 792 4225 cum
812 4172 877 4225 victi
895 4173 981 4226 hostis
999 4173 1122 4241 precihus
1140 4189 1193 4226 ram
1213 4188 1298 4240 paene

125 4239 159 4293 ad
185 4242 394 4295 misericordiam
415 4239 577 4300 flecteretur,
609 4241 750 4306 conspecto
769 4240 797 4292 in
816 4240 933 4294 humeris
952 4241 1007 4294 eius
1026 4240 1124 4307 balteo,
1154 4256 1233 4308 quem
1254 4256 1297 4292 oc·

124 4307 179 4360 cisa
197 4309 317 4363 Pallanti
335 4310 440 4362 Turnus
468 4306 631 4371 detraxerat,
662 4309 773 4374 repente
799 4308 839 4361 ira
866 4325 992 4362 accensus
1019 4309 1110 4378 gladio
1134 4324 1184 4376 per
1201 4311 1298 4376 pectus

123 4375 220 4429 adacto
238 4394 299 4432 eum
316 4378 373 4430 vita
390 4375 489 4445 spoliat
508 4376 682 4441 (ΒΜ-952).

613 4600 621 4604 .
632 4597 886 4605 -ψ-
891 4598 912 4603 ..-
