2872 5070
487 239 717 305 AENEIDOS
739 242 822 307 LIB.
843 244 901 309 IX.

97 398 231 464 Aenean
251 403 350 467 acciri
372 424 492 485 omnes,
515 406 717 493 populusque
736 416 920 494 patresque,

97 481 292 569 Expesennt
313 487 461 569 mittique
483 490 583 571 viros,
604 491 658 575 qui
680 502 769 553 certa
791 499 966 575 reportent

98 565 140 648 Si,
161 564 222 631 tibi
245 590 328 655 quas
349 590 458 655 posco,
480 574 672 656 promittunt
693 608 734 618 —
754 595 830 637 narn
853 573 931 636 mihi
954 573 1033 637 iacti

98 648 200 713 Fame
224 661 275 716 sat
296 661 346 715 est
366 689 422 734 -,
443 653 565 718 tumulo
588 654 703 721 videor
724 659 869 741 reperire
892 656 951 720 sub
975 655 1030 719 iiio
1219 670 1265 719 195

97 731 196 797 Posse
218 735 305 798 viam
328 735 372 799 nd
395 759 503 800 muros
524 748 557 801 ct
578 740 706 803 moenia
726 738 927 803 Pallantea.“

98 814 264 901 Obstipuit
284 840 403 903 magno
423 819 556 883 laudum
579 843 753 906 percussus
775 843 886 886 amore

98 896 268 984 Euryalus,
291 901 385 965 simul
408 901 458 965 his
480 902 647 969 ardentem
670 905 788 969 affatur
810 905 965 969 amicum:

98 980 210 1062 „Mene
233 984 333 1068 igitur
355 986 477 1049 socium
501 988 635 1051 summis
658 987 836 1073 adiungere
858 985 965 1067 rebus,

100 1184 304 1195 ———-.

98 1337 151 1387 tere
182 1337 211 1388 ct
239 1334 357 1389 volvere:
389 1334 442 1402 [cst
471 1335 541 1388 enim
570 1336 644 1389 verbi
666 1335 780 1390 obsoleti
798 1337 906 1400 didere,
937 1337 1007 1392 unde
1026 1339 1132 1406 elohim,
1164 1338 1264 1403 dotto,

99 1400 207 1465 δικάζω,
240 1402 469 1470 frequentativum
501 1404 604 1468 (lectito,
635 1402 782 1456 considero.
817 1404 860 1457 (li.
888 1405 996 1458 Ernesti
1018 1406 1091 1462 (llas.
1111 1408 1164 1459 (tic.
1194 1406 1220 1459 h.
1240 1424 1264 1461 v.

98 1468 200 1537 Rode]
234 1468 323 1523 Etiam
342 1469 460 1523 Servius:
490 1471 617 1536 (lectitent,
635 1471 653 1526 i.
673 1488 695 1523 e.
713 1471 853 1538 copitcmf‘
890 1473 978 1539 Hepn.
1014 1473 1054 1528 Cf.
1073 1474 1165 1527 Pleut.
1186 1474 1264 1542 Oapt.

99 1535 130 1593 ll.
147 1541 173 1599 3,
192 1540 235 1590 95.
264 1536 322 1591 Ter.
339 1536 389 1591 Ad.
407 1536 488 1600 IV‚5
521 1542 561 1591 57.
593 1539 648 1591 (tte.
674 1538 724 1594 Oti.
750 1539 772 1603 1,
792 1542 815 1602 3,
834 1542 857 1594 9.
888 1539 957 1592 Phil.
978 1541 1009 1604 V,
1028 1544 1052 1601 3,
1070 1546 1094 1594 c.
1121 1558 1168 1608 pro
1188 1542 1263 1594 Rosc.

98 1606 153 1658 Aru.
172 1606 215 1672 31,
233 1608 274 1659 88.
304 1578 666 1667 mindoniensem.
687 1622 820 1673 -qnec
849 1624 934 1660 necnee
962 1609 1071 1662 ‹ertireo
1100 1610 1265 1661 sortientia

98 1678 221 1740 serpet.
256 1671 296 1725 01.
314 1672 336 1739 I,
354 1669 545 1730 582-19‘2-
560 1674 712 1742 popolus
738 1680 920 1742 nepetreer
934 1692 984 1737 ne,
1003 1678 1034 1728 ut
1052 1676 1099 1742 IV,
1118 1680 1175 1728 oen
1212 1676 1264 1727 Ito-

98 1753 236 1793 mauorum
263 1739 389 1793 instituta
409 1739 491 1793 ctiam
510 1740 553 1792 ltie
571 1756 588 1792 a
606 1744 686 1808 poeta
704 1690 738 1793 ai
756 1741 869 1861 antipae
889 1744 896 1793 i
921 1759 937 1795 a
954 1747 1076 1812 tempera
1095 1744 1264 1796 transferun-

98 1807 147 1861 tur.
182 1806 309 1862 Ceterum
329 1824 357 1861 re
377 1808 429 1860 etit
445 1806 510 1861 haee
529 1808 610 1861 verba
626 1809 759 1861 Ausonius
777 1809 803 1860 in
836 1811 898 1863 lent.
917 1815 994 1878 nupt.
1013 1816 1053 1864 30.
1074 1840 1104 1847 —
1126 1810 1186 1870 193.
1213 1828 1265 1863 re-

91 1880 243 1943 portent,
273 1890 326 1929 nou
345 1823 494 1953 sintenes,
524 1874 570 1928 scd
589 1874 624 1928 ad
643 1892 712 1942 eum,
741 1891 819 1944 quem
838 1877 926 1930 adhuc
943 1876 1015 1946 apud
1033 1876 1188 1931 Evandrum
1207 1894 1264 1931 vcr-

97 1941 147 1995 sari
177 1941 323 1997 credebant
351 1943 415 2010 (vid.
446 1959 471 1995 v.
505 1946 586 2007 196,);
618 1944 664 2012 qui
692 1944 796 1997 Aeneae
826 1947 900 1998 certa
927 1946 1041 1998 nutient.
1083 1945 1145 1999 Noli
1174 1948 1264 2000 temen

96 2011 238 2079 prepterea
266 2017 411 2079 reportare
432 2025 492 2063 cum
511 2010 594 2078 Hcyn.
615 2026 663 2078 pro
680 2010 796 2079 simplici
811 2020 926 2080 pertore
946 2013 1064 2080 positum
1082 2012 1189 2079 habere,
1218 2014 1265 2067 scd

94 2077 230 2147 signifieat
259 2077 318 2132 visa
346 2079 389 2131 vel
418 2078 512 2131 audita
533 2094 595 2131 voce
615 2078 691 2147 quasi
709 2083 910 2147 repraesentare
950 2096 1000 2149 quo
1020 2096 1099 2133 sensu
1116 2097 1266 2134 renerrarc

90 2142 209 2213 Iegimus
227 2144 277 2209 III,
297 2149 353 2200 ill.
391 2145 431 2199 ef.
456 2144 561 2200 adnott.
580 2145 615 2199 ad
635 2145 695 2212 VII,
715 2149 771 2200 rot.
807 2146 888 2200 Silius
906 2122 928 2208 1,
950 2151 1009 2201 ess.
1029 2147 1099 2200 hune
1118 2148 1205 2201 locum
1226 2148 1265 2201 sic

87 2211 234 2267 imitatur:
263 2214 394 2281 mittitque
422 2213 505 2275 eires,
534 2214 583 2281 qni
607 2220 704 2266 cenete
719 2216 862 2283 explorent
879 2214 1005 2280 (sortasse
1023 2214 1103 2267 simul
1121 2216 1264 2283 respiciens

86 2280 158 2335 =den.
177 2279 349 2347 1,soe.).-
368 2279 431 2341 194.
464 2280 644 2347 „Praemium
673 2280 744 2348 quod
774 2285 916 2348 protento
939 2298 1003 2335 nuso
1022 2297 1130 2350 poscere
1147 2285 1264 2349 poterat,

78 2363 238 2469 generoslpp
265 2348 587 2468 pu⁰rt⁰9¹¹f⁰⁰d⁰m23⁸i¹st
605 2347 764 2467 3111ςί111ξὸ
782 2348 833 2415 alo,
854 2348 927 2469 iffi,
941 2349 1022 2468 lpnde
1039 2348 1104 2468 inexp
1123 2352 1265 2470 eontentttps

82 2431 160 2469 ¹siesse.
232 2431 290 2470 cas:
321 2431 337 2469 a
374 2431 486 2468 inrav.
573 2431 602 2481 sq
624 2430 704 2469 .n11
775 2431 853 2481 epos
972 2432 1036 2469 rsus,
1096 2432 1169 2468 erum
1189 2432 1222 2470 sn
1253 2445 1265 2456 ·

78 2484 175 2537 Vertit
204 2483 262 2537 eius
310 2483 430 2537 ustulata
457 2498 586 2551 generosa
605 2431 755 2534 qvoluntate
774 2482 906 2535 Ascanius
952 2482 1083 2536 olliceudo
1101 2484 1222 2561 praemia
1238 2501 1263 2537 v,

78 2553 141 2605 252
158 2554 237 2621 sqq.“
304 2567 361 2620 eyn.
400 2551 524 2604 Ceterum
555 2566 616 2602 cnm
632 2548 735 2628 Wagm
761 2549 899 2619 vulgarem
929 2499 1114 2628 distinguendi
1132 2550 1264 2604 rationem

75 2618 127 2672 ⁸5⁸⁸
143 2619 203 2685 tibi,
233 2635 306 2687 enee
318 2636 415 2698 posce,
481 2618 605 2670 emittent
633 2622 809 2689 rnutavrmus;
839 2617 908 2685 qued
927 2619 1034 2687 flagitat
1051 2618 1182 2686 oppositio
1199 2619 1267 2671 tibi

65 2702 177 2755 poseo
195 2716 227 2724 -
245 2687 325 2739 milis
343 2687 414 2752 fecti
430 2635 509 2749 stine
525 2692 569 2737 eet
585 2692 630 2737 cst.
665 2685 757 2753 sepfl,
777 2685 869 2738 Gossr.
888 2687 916 2737 et
933 2686 1014 2738 ceteri
1032 2684 1191 2738 recentiores
1209 2686 1265 2740 cdi·

73 2758 167 2808 tores
196 2769 301 2808 omnem
320 2753 518 2807 distinctionem
538 2751 681 2814 sustulere,
712 2768 772 2805 crim
790 2752 825 2805 ed
843 2768 950 2805 sensum
971 2753 1080 2820 perinde
1098 2753 1143 2815 sit,
1173 2756 1264 2806 utrum

65 2823 145 2875 ties·
172 2837 233 2876 cum
260 2838 356 2892 posce,
385 2837 419 2874 an
450 2837 512 2875 cunr
540 2822 701 2889 pronutient
720 2821 920 2887 coniungnmus,
950 2824 977 2873 et
996 2820 1146 2886 Conington
1165 2820 1265 2874 diserte

68 2891 188 2944 eontra
205 2889 301 2958 Wagu.
331 2890 454 2957 disputat
483 2889 645 2955 coniungens
674 2888 755 2941 verbu
782 2889 833 2940 titi
848 2889 1015 2957 promittent.
1050 2887 1164 2950 Peerlk,
1194 2887 1265 2956 qued

63 2956 256 3027 „iudignum
274 2957 311 3009 sit
327 2972 456 3025 generoso
474 2959 589 3023 pectore,
616 2971 675 3008 curn
694 2954 727 3007 dc
744 2955 800 3006 suis
819 2956 886 3008 bene
904 2958 995 3023 posset
1022 2955 1126 3021 mereri,
1155 2970 1187 3007 ea
1204 2959 1264 3007 tan·

63 3028 151 3079 'turn
184 3023 336 3078 conditione
366 3023 434 3077 velle
451 3024 555 3088 mereri,
588 3023 611 3075 si
628 3023 713 3075 antico
734 3022 838 3085 darent,
868 3038 935 3090 quac
952 3026 1102 3090 posceret,“
1136 3021 1202 3075 coni.
1230 3021 1266 3075 Si

64 3094 151 3161 teti,
181 3108 252 3161 qenes
269 3109 382 3162 spero,
407 3092 584 3161 premettnnt;
603 3106 656 3158 qun
674 3090 825 3141 conicetura
844 3089 922 3141 facile
940 3088 1151 3155 supersedemus.
1186 3089 1264 3140 (tete-

63 3170 153 3216 lum
172 3176 234 3213 euru
253 3159 339 3215 verbis
356 3160 393 3213 si
407 3159 577 3229 prornittent,
600 3186 611 3197 -
630 3186 641 3196 -
659 3157 757 3208 uideor
775 3158 808 3208 el.
828 3156 924 3208 similis
941 3156 1015 3207 locus
1032 3155 1068 3219 11,
1087 3157 1144 3208 319.
1166 3154 1201 3207 St
1216 3171 1263 3208 ee-

57 3224 131 3283 ὀὴ
150 3229 265 3298 cepido,
283 3256 295 3267 -
311 3255 323 3267 -
339 3227 445 3281 viden.
481 3225 570 3279 Verba
588 3227 676 3277 autern
701 3224 797 3275 nz'deer
814 3223 937 3275 retenire
956 3226 1007 3274 etc.
1027 3221 1108 3273 simul
1126 3221 1265 3274 continent

61 3296 222 3351 emisam
252 3295 415 3349 sententiam
443 3293 616 3362 primariam:
648 3291 801 3359 proticiscnr
818 3242 855 3343 ad
869 3290 994 3343 Aeneam.
1025 3288 1130 3344 Laden.
1151 3288 1265 3342 conferri

58 3357 170 3419 iubet
187 3362 236 3415 lios
255 3363 325 3416 locos
344 3361 469 3415 slmilitcr
486 3360 677 3413 conformatos:
707 3358 772 3410 lieo.
793 3357 839 3418 IV,
860 3359 907 3409 281
928 3373 985 3436 sqq.
1009 3357 1075 3409 Aen.
1094 3356 1116 3423 I,
1138 3360 1186 3409 527
1206 3374 1219 3408 s
1240 3373 1264 3424 q.

56 3422 116 3487 11
146 3434 198 3485 349
217 3446 255 3499 sq.
272 3430 319 3496 IX,
339 3433 387 3482 ret
409 3445 516 3497 sqq.-
534 3426 597 3487 196.
626 3425 779 3494 reperire
797 3424 901 3477 Posse
925 3442 1011 3476 ersom
1028 3426 1079 3476 etc.
1116 3422 1175 3478 Vid.
1194 3372 1265 3477 inira

60 3472 127 3554 *id
142 3514 171 3552 v.
191 3500 250 3552 238.
267 3528 301 3537 -
317 3514 431 3551 naeres
458 3503 488 3548 et
515 3495 655 3547 moenie.
691 3492 751 3544 Vid.
771 3492 804 3545 ad
823 3491 860 3551 ΙΙ,
878 3495 934 3543 net.
970 3490 1074 3544 Peerlk.
1093 3480 1201 3558 praeter
1219 3507 1265 3545 nc·

59 3566 250 3622 nminem
279 3566 405 3623 conieci
421 3569 522 3616 moetos
540 3569 565 3615 et
581 3560 696 3621 moenie,
729 3576 790 3612 cum
809 3559 978 3612 Pallanteum
999 3575 1029 3611 ex
1046 3559 1111 3611 Aen.
1129 3558 1204 3617 vlit.
1225 3562 1265 3611 52.

62 3632 151 3709 §ubi
168 3631 222 3687 vid.
242 3631 358 3699 adnott.)
377 3632 404 3684 in
422 3632 512 3684 monte
530 3631 613 3684 situm
633 3627 727 3680 fuerit!
752 3627 867 3680 Moenia
885 3627 1034 3679 Pallantea
1050 3625 1166 3693 legimus
1184 3625 1266 3679 etiam

66 3704 166 3758 lutra
193 3715 220 3753 v.
239 3703 297 3754 241,
328 3702 356 3753 et
384 3700 411 3752 in
428 3698 511 3754 Antii.
530 3697 591 3750 Lat.
610 3695 647 3761 11,
668 3697 724 3757 193,
742 3698 783 3747 38.
822 3695 861 3746 De
888 3695 974 3746 forme
1003 3694 1091 3746 autem
1117 3693 1265 3746 11(Ιί.Ραί-

65 3764 202 3825 lantenc
217 3783 278 3821 eum
296 3766 424 3836 oppidum
441 3766 527 3834 ipsum
547 3763 721 3817 Pallanteum
738 3762 899 3831 appelletur,
918 3760 970 3815 vid.
993 3759 1099 3813 adnott.
1118 3759 1152 3813 ad
1171 3758 1192 3820 I,
1207 3762 1265 3812 686.

66 3828 142 3905 ΙΙΙ,
163 3837 223 3889 602.
240 3835 287 3900 lv,
307 3838 364 3888 552.
382 3834 416 3887 nl.
438 3864 469 3872 -
490 3832 548 3891 197.
579 3832 716 3884 lacedem
731 3845 911 3898 percenses
929 3828 1065 3894 (πληγείς)
1083 3843 1199 3879 amoro.
1219 3826 1266 3880 Vi-

77 3902 272 3971 deturpent
290 3903 317 3955 in
335 3906 425 3956 mente
443 3900 569 3954 habuisse
586 3897 706 3951 Lucretii
722 3897 804 3952 verba
822 3896 845 3962 Ι,
864 3898 921 3948 922.
941 3894 1081 3947 Pereecn't
1097 3895 1189 3962 thyrso
1207 3895 1266 3947 lerc-

76 3975 137 4027 dis
166 3986 230 4041 apes
256 3987 357 4039 renone
387 3985 474 4022 merem
505 3984 562 4020 cer.
598 3965 639 4021 Cf.
662 3964 743 4017 etiam
764 3963 826 4017 (ico.
847 3962 883 4025 II,
902 3966 961 4015 stt.
993 3962 1083 4029 ibique
1112 3961 1215 4039 ednett.
1234 3988 1267 3998 -

87 4043 212 4095 Amor
241 4038 400 4092 laertem
428 4035 543 4103 legimus
573 4033 656 4087 etiam
685 4031 747 4085 Gco.
770 4030 821 4093 III,
843 4033 898 4083 tre.
933 4030 1019 4097 Heyn
1049 4027 1161 4081 conicrn
1192 4026 1267 4104 rubet

91 4104 222 4163 Valckeu.
251 4105 286 4158 ad
304 4105 367 4159 Eur.
386 4104 467 4171 Hipp.
488 4107 569 4165 1303,
600 4102 697 4154 lendes
722 4099 814 4151 antem
831 4114 879 4166 pro
898 4096 1059 4149 facineribus
1076 4094 1220 4162 praeclaris
1239 4094 1267 4144 et

90 4176 206 4237 virtute,
236 4188 290 4241 qua
319 4172 353 4226 ad
383 4187 415 4225 ca
432 4170 566 4239 patranda
585 4183 651 4237 epus
672 4167 717 4231 sit,
745 4164 863 4233 positum
884 4180 942 4218 esse
961 4163 1046 4228 docet,
1076 4159 1224 4239 collinita
1240 4175 1265 4237 y,

95 4246 153 4300 152.
171 4241 205 4306 V,
223 4244 282 4294 ³55.
312 4242 340 4294 et
362 4238 438 4300 VIII,
458 4242 516 4291 273.
551 4235 592 4290 uf.
624 4233 729 4288 adnett.
762 4231 924 4297 ad1‚se1.
960 4231 1084 4283 Ceterum
1114 4231 1195 4281 etiem
1223 4225 1267 4278 luc

99 4310 187 4377 plures
204 4306 287 4362 codd.
316 4306 460 4377 perculsos
483 4304 615 4359 exhibent.
650 4300 710 4356 vid.
728 4299 763 4353 ad
779 4300 803 4362 I,
822 4303 879 4351 513.
898 4328 932 4377 T‘.
949 4296 1002 4358 199
1020 4310 1076 4373 sqq.
1109 4292 1267 4361 „Euryalus

99 4393 157 4432 cum
187 4374 257 4430 nolit
273 4375 347 4445 Nyso
376 4374 478 4434 cedere,
510 4370 620 4441 periculi
644 4366 857 4421 communionem
883 4366 935 4418 mbr
961 4364 1089 4440 deposcit.
1124 4361 1266 4439 Certamen

99 4446 147 4501 hoc
175 4444 249 4498 inter
277 4443 376 4497 amieos
393 4440 474 4496 Silius
492 4454 544 4491 non
564 4436 708 4490 infeliciter
725 4432 869 4488 transtullt
885 4432 920 4486 ad
938 4430 1132 4484 coutentrouem
1151 4426 1266 4479 similem

98 4515 167 4568 iuter
182 4510 305 4575 Imilccu,
336 4525 452 4574 uxerem,
482 4509 511 4559 ct
534 4502 713 4558 Hannibalem
736 4502 788 4569 ΙΙΙ,
814 4503 861 4554 108
880 4516 937 4578 sqq.
967 4502 995 4551 et
1013 4500 1044 4548 ts
1062 4500 1138 4574 sqq.“
1176 4494 1266 4560 Heyn.

98 4580 158 4637 Nou
177 4577 286 4633 videtur
304 4594 370 4648 opus
387 4592 454 4641 esse,
471 4575 503 4627 ut
520 4572 691 4641 suppleamus
707 4569 759 4621 tibi
775 4569 813 4635 (in
831 4582 943 4645 summis
960 4564 1059 4640 rebus),
1078 4578 1094 4614 ι.
1109 4578 1131 4615 e.
1149 4575 1269 4639 summas

94 4662 138 4705 res
168 4646 311 4709 affectum
342 4658 484 4714 possumus
506 4640 587 4694 ctiam
610 4637 769 4705 coniungere
787 4636 938 4699 &cecinere
954 4646 1063 4683 nemone
1079 4631 1159 4683 rcere
1176 4630 1267 4696 (terno

1011 4712 1057 4766 16*
