2872 5070
490 258 642 327 CULEX
664 284 694 325 v.
716 266 889 331 255-269.
1211 271 1271 332 517

94 425 165 490 Iam
186 424 368 490 truculenta
386 424 496 490 ierunt
517 426 699 514 infestaque
720 426 845 492 lumina
867 451 985 516 corpus
1218 444 1268 494 255

96 507 188 572 Alter
210 509 242 571 in
265 507 409 589 alterius,
431 508 560 596 iamque
581 518 752 574 aversatur
775 520 921 598 uterque,

95 590 204 676 Impia
225 590 374 675 germani
396 600 507 655 manat
526 591 613 676 quod
635 593 793 719 sanquine
815 593 941 661 dextra.

96 673 191 737 Eheu
212 671 387 736 mutandus
408 694 584 760 numquam
605 672 716 739 labor.
760 675 900 740 Auferor
920 676 1005 742 ultra

97 756 134 818 In
158 756 289 818 diversa
310 755 415 839 magis
447 754 604 821 distantia
622 755 735 821 limina
758 780 871 822 cerno·

97 837 263 901 Eridanus
284 806 474 919 tranandus,
497 860 577 936 agor
600 837 726 903 delatus
749 839 791 904 ad
812 807 944 905 undam.
1220 857 1272 907 255

99 920 207 983 Obvia
226 919 434 1005 Persephone
456 930 587 985 comites
609 918 761 986 heroidas
783 932 903 1007 urguet

98 1001 265 1066 Adversas
287 1002 432 1088 perferre
451 991 550 1068 iaces.
590 1002 732 1067 Alcestis
754 1002 796 1068 ab
819 1006 907 1069 omni

96 1084 258 1149 Inviolata
278 1096 375 1150 vocat
397 1106 484 1165 cura,
507 1083 593 1172 quod
615 1107 715 1150 saeva
736 1088 847 1150 mariti

97 1168 136 1230 In
160 1166 391 1232 Chalcodoniis
412 1166 545 1231 Admeti
565 1168 634 1232 iata
656 1179 783 1233 morata
804 1179 861 1233 555.

97 1249 194 1330 Ε555,
214 1249 319 1313 Ithaci
341 1250 484 1314 coniunx
506 1272 635 1336 semper
657 1249 755 1316 decus
778 1252 937 1331 Icariotis,

99 1333 288 1396 Femineum
308 1333 498 1419 incorrupta
517 1333 616 1397 decus
637 1343 747 1398 manet
768 1344 800 1398 et
820 1333 934 1421 procul
956 1332 1013 1398 illa

102 1413 215 1478 Turba
236 1415 328 1479 ferox
348 1417 500 1479 iuvenum
521 1414 593 1480 telis
618 1415 747 1481 confixa
768 1438 952 1503 procorum.

103 1496 200 1577 Quid,
224 1498 342 1560 misere
365 1497 541 1582 Eurydice,
565 1507 655 1564 tanto
676 1521 823 1564 maerore
846 1500 972 1576 recenti,
1004 1512 1023 1572 ‚³

100 1579 274 1667 Poenaque
296 1590 462 1666 respectus
484 1591 516 1645 55
537 1603 623 1646 nuuc
644 1591 754 1646 manet
776 1580 926 1669 Orpheos
947 1583 980 1645 in
1002 1581 1056 1645 te?

119 1829 151 1867 ue
171 1812 199 1867 et
215 1811 371 1881 Polynicen
388 1812 441 1867 sibi
469 1814 566 1867 mutua
593 1812 704 1867 vulnera
731 1813 878 1868 inferentes
896 1813 1024 1868 0515115
1042 1812 1111 1868 0155
1136 1812 1275 1883 conspicit.

101 1829 147 1934 01.
166 1880 257 1934 555515
275 1878 308 1933 de
326 1879 475 1934 5511151515
493 1881 562 1935 Orco
580 1896 634 1935 non
651 1880 869 1936 solumaeandein
886 1880 1002 1950 speciem
1013 1879 1201 1944 retinentibus,
1221 1896 1275 1950 qua

102 1964 132 2002 ex
149 1947 209 2001 vita
227 1946 377 2009 discedunt,
397 1947 444 2002 sed
462 1947 544 2002 etiarn
562 1947 656 2002 eadem
672 1948 869 2015 tractantibus,
917 1964 967 2003 uae
989 1948 1017 2002 in
1035 1948 1093 2002 vita
1111 1949 1273 2011 tractarunt,

101 2013 207 2095 adnott.
222 2015 261 2095 ‘ad
278 2015 344 2068 Aen.
356 2014 410 2095 ‚VI,
429 2018 485 2068 495.
504 2017 561 2068 642.
580 2018 639 2094 bel.
657 2046 690 2055 -
709 2016 830 2095 semine
850 2018 877 2070 et
897 1965 1025 2070 damino
1042 2014 1131 2095 Sillig.
1149 2018 1274 2095 (quocum

102 2085 184 2137 etiam
201 2081 246 2136 hie
263 2084 425 2150 posteriores
445 2082 524 2136 editt.
544 2082 658 2149 1551555)
685 2099 716 2137 51
746 2083 870 2137 omnibus
899 2082 955 2137 iere
973 2082 1057 2137 Codd.
1079 2098 1136 2137 suis
1154 2084 1276 2137 restituit

101 2166 150 2219 pro
172 2148 245 2218 vulg.
264 2151 440 2217 saepsisset
457 2150 580 2204 musra.
600 2180 633 2189 -
649 2147 714 2211 255.
736 2157 916 2204 aversatur
937 2149 1026 2220 Sillig.
1046 2152 1085 2213 (et
1107 2166 1168 2204 euin
1187 2166 1218 2205 eo
1236 2166 1276 2205 re·

102 2217 231 2272 centiores
249 2215 469 2285 edittlsxcodd.
489 2233 536 2286 pro
547 2215 621 2285 vulg.
641 2225 792 2272 5115555555.
811 2249 843 2259 -
860 2214 926 2279 258.
944 2217 1021 2272 Idem
1032 2217 1119 2287 Sillig.
1138 2233 1187 2286 pro
1202 2217 1274 2287 vulg.

102 2285 183 2338 Elea
200 2301 231 2339 ex
248 2284 314 2338 coni.
336 2283 421 2338 edidit
438 2284 511 2351 Hcss,
530 2285 595 2348 555,
614 2300 674 2338 cuni
693 2286 760 2339 55551
776 2285 893 2365 primam
912 2285 1045 2354 syllabam
1062 2284 1202 2352 corripiat,
1222 2300 1277 2354 qua

101 2352 134 2407 de
152 2368 181 2406 re
198 2351 313 2406 conferri
330 2351 415 2417 151155,
433 2366 500 2420 quos
517 2351 577 2419 ipse
595 2350 746 2406 laudaverit
773 2368 801 2406 in
825 2352 916 2406 Iudice
933 2351 1035 2406 0555111
1074 2395 1080 2407 .
1098 2353 1156 2407 283.
1175 2366 1200 2404 1.
1216 2351 1275 2405 bea.

101 2418 153 2474 Sed
171 2418 242 2484 vide,
261 2434 328 2489 quse
346 2420 441 2472 contra
457 2417 528 2472 hanc
545 2433 559 2472 o
578 2417 694 2472 inionem
713 2419 851 2473 verissime
869 2418 911 2472 dis
931 2419 1021 2473 utevit
1037 2367 1127 2471 liiend.
1146 2417 1223 2471 Turs.
1239 2416 1276 2472 II.

101 2504 127 2557 p.
145 2489 203 2541 358.
227 2490 267 2549 (55
284 2485 389 2539 adnott
407 2483 442 2539 ed
459 2484 515 2539 Ecl.
563 2525 571 2550 ,
591 2485 642 2551 58.)
648 2505 655 2548 ;
675 2501 758 2554 quere
774 2485 843 2539 hanc
861 2436 1041 2539 midunium
1057 2484 1111 2539 iani
1132 2484 1207 2554 prius
1222 2500 1276 2539 non

101 2553 279 2610 necessariam
297 2552 375 2619 duxi,
405 2552 433 2605 in
450 2567 502 2631 quo
520 2551 682 2620 posteriores
711 2568 814 2606 meeum
844 2551 1023 2631 consentiunt.
1043 2581 1074 2591 —
1099 2553 1277 2631 mutandas

101 2637 277 2744 511515
294 2615 1276 2765 115151151111111255111525155515115

101 2754 208 2812 refinxit
224 2770 273 2824 pro
291 2754 395 2807 lamina
412 2754 455 2808 vel
472 2755 592 2818 nemina,
613 2753 683 2824 quod
702 2756 770 2808 vett.
788 2753 852 2808 edit.
873 2752 1007 2808 exhibent.
1036 2752 1163 2808 Ridbecli.
1185 2758 1277 2824 (quein

101 2823 222 2878 Bencist.
242 2823 350 2876 5555555
371 2823 423 2890 555)
442 2837 473 2876 51
493 2820 577 2876 051111.
596 2821 697 2891 recepit
715 2822 835 2877 nomina.
865 2821 967 2890 Haupt.
987 2822 1106 2875 servavit
1124 2821 1230 2877 limina.
1242 2850 1276 2860 —

101 2890 167 2953 260.
186 2889 275 2958 Vulgo
292 2889 420 2957 Elysiam
436 2890 734 2958 5151555515555555555.
753 2886 1277 2958 12515555551555551558111151555515

101 2976 134 3014 ex
146 2957 286 3014 8511551511
304 2957 384 3020 coni,
403 2956 484 3011 simul
502 2958 594 3012 tamen
611 2972 771 3021 memorans,
792 2973 854 3011 cum
871 2956 984 3010 Helmst.
1004 2972 1027 3011 a.
1046 2972 1080 3010 m.
1117 2973 1139 3010 r.
1153 2955 1278 3010 exhibeat

102 3028 275 3088 trauandans,
288 3024 405 3079 fortasse
417 3025 515 3079 rectius
528 3024 583 3094 legi
589 3024 718 3146 Eprium
729 3027 897 3104 tramaflam
909 3031 935 3076 55
943 3041 1012 3144 apos·
1024 3026 1054 3103 d,
1064 3041 1082 3077 u
1114 3041 1140 3078 a.
1159 3022 1212 3076 Sed
1219 3022 1277 3076 iure

121 3093 263 3149 osteriores
280 3091 359 3146 editt.
372 3108 403 3146 ae
422 3093 564 3147 cieverunt
580 3092 608 3145 in
641 3090 764 3146 chraderi
781 3094 941 3146 coniectura.
985 3090 1126 3145 eEndauo
1139 3092 1231 3144 autem
1242 3088 1278 3143 ad

102 3112 162 3216 ioca
180 3161 267 3216 infera
279 3159 369 3214 delato
386 3160 413 3213 vi
434 3159 560 3214 .adnott.
572 3159 607 3213 ad
620 3160 684 3213 Aen.
696 3159 742 3222 VI,
755 3162 814 3214 559.
828 3157 930 3219 -2511Ι
947 3157 1095 3212 0111511551
1109 3157 1143 3210 ad
1156 3156 1278 3225 Elysium

102 3228 225 3293 tendens,
236 3228 311 3283 videt
324 3243 433 3296 campos
450 3225 603 3296 lugentium
615 3226 695 3296 inque
707 3225 741 3279 iis
753 3225 877 3280 heroidas
889 3241 906 3279 a
917 3224 999 3304 PJose
1032 3224 1197 3304 1555555555
1209 3223 1279 3279 ierre

102 3296 280 3352 infortunium
290 3311 368 3350 sunm
377 3312 409 3349 ex
420 3311 509 3349 amore
522 3293 642 3349 infausto
653 3296 751 3348 ortum.
769 3294 826 3347 Hoc
837 3293 907 3347 enim
919 3292 1012 3346 sibive
1035 3291 1186 3346 evidentur
1196 3290 1279 3345 verba

103 3366 278 3419 Adversas
291 3363 455 3434 perferre
472 3365 577 3429 faces.
611 3360 672 3415 Non
691 3360 762 3415 male
779 3365 871 3415 tamen
889 3359 980 3414 115155.
994 3359 1141 3438 55515115.
1150 3362 1279 3439 perferre

104 3433 185 3487 sices.
221 3431 333 3486 Veteres
351 3430 428 3484 editt.
465 3429 580 3484 uaedam
645 3430 769 3494 cesare,
800 3427 871 3497 quod
899 3429 1007 3495 praeter
1024 3427 1165 3481 Hemsinm
1195 3428 1278 3482 551551

104 3500 209 3554 Wskei.
228 3497 403 3569 amplectitur
420 3446 479 3552 coh.
500 3497 571 3577 Stat.
590 3447 654 3553 sih.
674 3495 707 3560 V,
724 3497 750 3577 1,
766 3498 834 3576 ²⁵⁷⁸.
855 3511 917 3550 cuni
935 3494 1026 3549 adnot.
1044 3493 1143 3548 Markl.
1161 3523 1195 3534 -
1211 3488 1278 3555 284.

104 3567 192 3635 Sillig.
211 3566 329 3621 servavit
345 3565 441 3621 chbi
458 3565 602 3620 lectionem
618 3564 687 3634 Ipsa
704 3581 762 3616 5555
778 3563 862 3631 factm
882 3561 929 3616 sed
948 3578 1008 3616 eum
1026 3561 1112 3616 Codd.
1132 3563 1161 3616 et
1177 3564 1280 3616 veteres

107 3634 185 3689 editt.
206 3633 349 3688 exhibeant
368 3634 426 3687 Hie
442 3633 612 3687 Alsadamm
629 3631 673 3686 vel
689 3631 747 3684 Hic
761 3628 951 3693 0555055155,
971 3645 1031 3684 5515
1043 3629 1146 3698 Haupt.
1165 3631 1193 3683 et
1209 3629 1280 3682 cete·

105 3702 143 3756 iis
166 3701 360 3755 recentioribus
378 3700 455 3756 editt.
475 3697 696 3755 51111551515515
716 3697 922 3752 Chalcodoniis.
957 3695 1108 3768 0115511.
1128 3696 1179 3750 nh.
1199 3697 1222 3782 1,
1239 3698 1280 3750 19.

102 3768 142 3824 Ori
160 3767 190 3822 111
211 3771 318 3838 &epure
329 3765 465 3849 Ἄδμητος
481 3768 512 3824 15
531 3766 666 3836 pisacciv
692 3764 828 3820 ἀνάσσων
846 3769 896 3819 Mt
918 3782 966 3819 555
984 3763 1043 3819 ὑπὸ
1066 3764 1281 3831 arcuationem

107 3835 329 3898 Χαλκωδονίοιο,
347 3835 438 3905 ibique
450 3787 539 3890 Sobel.
554 3833 760 3895 Chalcedonius,
775 3847 851 3887 mons
864 3832 886 3886 Τ
906 3830 1028 3895 55551155,
1040 3831 1074 3885 ad
1105 3848 1167 3887 55111
1178 3830 1282 3884 Pherae

106 3902 176 3956 sitae
196 3904 283 3963 erant,
302 3918 373 3956 nunc
390 3904 502 3981 vocatur
519 3901 611 3957 Karad
647 3900 673 3955 h.
709 3900 749 3955 01.
768 3899 838 3954 liber
855 3915 930 3955 meus
948 3915 1041 4021 zeugi.
1058 3849 1110 3954 lli.
1128 3916 1154 3969 p.
1173 3901 1220 3952 881
1242 3913 1281 3976 sp.

106 3999 136 4010 -
156 3966 536 4037 malmesmeriensis,
556 3968 655 4023 Peneo
675 3984 697 4022 s.
734 3967 847 4022 15555555
881 3968 956 4022 5515
975 3983 1064 4022 acensi
1096 3985 1118 4021 5.
1147 3965 1282 4020 Ithacesia

105 4037 189 4093 etiam
207 4037 273 4091 Aen.
296 4036 332 4098 H,
353 4041 410 4091 154.
428 4036 485 4103 (ubi
502 4036 556 4090 vid.
574 4035 643 4090 adno
672 4037 689 4115 ²)
709 4037 763 4090 122.
780 4034 861 4090 sisu
892 4031 1281 4152 ,529.51.15ςὶ551.-1151Ιὲ.

108 4105 251 4160 lectionem
271 4104 292 4157 Ι
293 4104 440 4159 cai-iotis
456 4104 484 4171 (i.
504 4120 527 4159 e.
544 4102 625 4158 Icarii
641 4102 707 4170 filia,
725 4101 895 4173 quodetiam
913 4102 940 4157 le
960 4101 1016 4157 'tur
1032 4119 1076 4222 ap.
1093 4101 1215 4220 Propert.
1274 4137 1282 4164 ,

111 4178 151 4240 12,
174 4172 236 4239 (111,
257 4174 314 4239 131,
335 4173 395 4236 15),
415 4187 476 4225 5515
493 4170 614 4252 Hauptio
633 4172 662 4226 55
680 4170 777 4225 5555115
795 4170 937 4225 recentiori
956 4186 988 4224 us
1006 4168 1050 4224 edi
1065 4171 1085 4223 t.
1103 4185 1146 4222 res
1160 4166 1283 4220 ituimus.

106 4240 167 4298 silli
190 4256 244 4294 ‚ex
263 4239 397 4295 5550511.
416 4239 532 4295 Η511555.
553 4238 703 4293 inconsulte
723 4240 860 4306 receperat
881 4238 960 4292 enitet
989 4238 1053 4291 5515.
1073 4233 1283 4296 -258111551

106 4308 155 4363 Vir
168 4257 243 4362 dect.
271 4325 285 4363 5
314 4307 383 4362 coni.
413 4305 499 4361 edidit
523 4304 598 4375 Qrso,
626 4305 697 4376 quod
728 4304 768 4386 515Ι
796 4305 924 4385 explicat:
955 4305 1004 4373 „in
1032 4319 1077 4358 eos
1102 4300 1284 4384 5551555551

106 4375 225 4431 Alcestis
244 4377 272 4430 et
288 4374 423 4445 Penelope
443 4375 652 4439 commorantur,
671 4374 785 4429 recessit
803 4372 964 4443 1151511155·ι
999 4370 1088 4440 Vulgo
1108 4372 1194 4449 qaia,
1213 4366 1284 4448 quod

108 4443 256 4499 5511515151
284 4459 338 4498 non
387 4444 466 4498 55555.
501 4442 558 4497 Nos
586 4457 649 4496 vero
679 4457 750 4497 nune
779 4457 841 4496 55111
870 4439 1064 4495 5555151511555
1091 4436 1169 4493 editt.
1191 4437 1284 4504 (etiam

107 4510 168 4566 Hau
188 4512 227 4566 tie
248 4511 276 4566 in
299 4511 341 4566 ed.
365 4460 400 4573 2.)
422 4510 570 4581 recepimus
593 4508 669 4572 Quid
689 4513 718 4564 55
739 4508 768 4562 15
791 4509 843 4563 flue
865 4525 959 4563 versus
987 4505 1149 4587 receuipro
1165 4503 1284 4559 55555515.

107 4608 141 4619 -
160 4527 225 4642 dee.
243 4579 335 4634 Verba
352 4579 434 4649 vulgo
454 4578 493 4633 sio
511 4577 643 4633 collocata
667 4585 692 4632 et
709 4584 903 4643 5555515555,
982 4574 1111 4639 55555,15
1130 4580 1155 4628 te
1171 4574 1214 4637 (55
1229 4568 1285 4650 No·

108 4645 174 4703 min.
193 4663 243 4719 pro
261 4646 390 4703 Vocativo
407 4646 513 4718 positus
531 4648 560 4702 et
579 4661 686 4712 nomen,
706 4644 778 4715 quod
798 4644 867 4699 alias
890 4644 949 4712 bisy
971 4642 1053 4696 abum
1075 4657 1134 4697 esse
1151 4640 1229 4706 solet,
1248 4640 1285 4692 sit
