2872 5070
321 239 592 307 PROOEMIUM
612 240 844 309 EDITIONIS
867 241 1076 309 TERTIAE.
1247 262 1284 308 ru

111 407 236 495 Heynii
257 409 341 472 notis
362 407 482 471 factum
504 405 654 489 videbis),
677 417 734 473 aut
754 431 852 473 excer
876 417 942 473 tam
963 417 996 473 et
1013 409 1046 472 in
1063 408 1193 473 brevius
1210 431 1283 474 con-

112 501 262 574 tractam,
285 489 342 555 sed
359 492 501 555 auctoris
524 493 652 555 nomine
673 491 780 556 ubivis
796 492 838 556 ad
864 494 918 571 ito,
941 493 1066 578 repetii,
1087 494 1133 556 ita
1155 502 1189 555 ut
1212 493 1283 577 ipse

115 587 171 640 aut
202 573 281 638 nihil
303 575 431 639 omnino
454 572 624 651 adderem,
652 585 709 640 aut
730 574 831 639 verbo
853 584 976 639 tantum
1000 577 1191 640 sententiam
1215 579 1282 639 eius

113 657 306 744 probarem,
332 655 386 720 ubi
418 679 496 722 vero
524 658 635 721 varias
660 658 839 722 sententias
867 660 1053 744 propositas
1076 659 1283 741 invenissem,

113 742 254 827 potiores
276 762 389 805 earum
410 739 554 804 breviter
570 738 784 805 diiudicarcm
807 750 848 822 et,
870 742 898 805 si
911 740 991 805 nulli
1003 740 1163 805 calculum
1178 764 1282 805 meum

113 823 233 888 addere
258 845 396 910 possem,
419 824 491 909 ipse
510 846 628 888 novam
645 824 789 911 aliquam
804 825 1101 911 interpretationem
1115 834 1283 904 tentarem,

112 929 177 992 qua
204 918 313 970 tamen
341 908 375 969 in
408 905 606 971 carminibus
633 910 727 972 toties
755 911 820 971 iam
850 909 994 972 virorum
1024 907 1284 971 doctissimorum

113 988 219 1054 studio
242 987 425 1075 explanatis
445 991 553 1054 rarius
576 992 705 1054 omnino
733 1012 815 1076 opus
837 989 937 1055 fuisse
957 1012 1051 1055 nomo
1073 989 1169 1055 facile
1189 991 1285 1055 mira·

112 1070 210 1137 bitur.
244 1073 355 1145 Porro
379 1081 509 1158 praeter
531 1096 583 1137 res
602 1071 645 1137 ad
666 1072 912 1160 mythologiam,
934 1073 1180 1159 geographiam,
1202 1075 1283 1137 anti·

113 1157 262 1241 quitates,
285 1155 518 1243 historiamque
540 1169 572 1221 et
593 1178 701 1220 rerum
724 1167 889 1243 gestarum
913 1169 944 1219 61
966 1171 1101 1220 naturae
1122 1158 1284 1242 pertinen·

111 1249 159 1302 tes
182 1240 345 1324 imprimis
368 1241 527 1326 poeticum
550 1239 714 1304 scribendi
736 1262 837 1324 genus
861 1251 892 1302 et
914 1239 1130 1324 Virgilianum
1154 1237 1284 1303 dicendi

113 1344 206 1385 usum
218 1344 269 1386 res
293 1344 333 1386 ue
345 1323 577 1407 grammaticas
594 1332 625 1386 ct
635 1325 787 1388 metricas
803 1320 1010 1387 adnotatione
1025 1344 1098 1386 mea
1121 1321 1285 1386 illustrare

117 1404 236 1469 studui.
271 1344 382 1470 qCuius
405 1406 536 1493 quidem
558 1407 666 1489 operis
688 1407 837 1491 quamvis
860 1405 941 1470 Phil.
968 1405 1153 1490 Wagnerus
1176 1404 1284 1484 Quac-

112 1487 271 1552 stionibus
295 1487 486 1572 Virgilianis
509 1488 727 1568 doctissimis,
758 1489 898 1570 ingentis
920 1509 1059 1574 vereque
1081 1487 1284 1551 admirabilis

112 1571 302 1656 diligentiae
326 1583 358 1634 et
376 1571 640 1654 perseverantiae
664 1568 874 1648 documentis,
896 1591 949 1632 ma
973 1571 1134 1632 narniam
1157 1580 1283 1654 partem

112 1654 339 1737 occupaverit,
370 1650 579 1714 nihilominus
609 1650 768 1715 eiusmodi
790 1673 917 1799 quoque
937 1591 1199 1717 observationum
1220 1675 1285 1717 non

112 1756 237 1822 paucas
259 1757 278 1797 a
299 1755 350 1797 me
372 1732 502 1798 additas
525 1756 595 1799 6116
615 1735 775 1798 neminem
810 1744 862 1798 ate
886 1737 919 1812 it,
965 1737 999 1800 ui
1017 1736 1285 1800 commentarium

113 1840 221 1882 meum
243 1825 365 1881 attento
387 1819 492 1881 animo
515 1816 699 1902 perlegerit,
721 1817 817 1905 idque
832 1818 896 1882 iam
916 1841 961 1903 pu
984 1819 1080 1883 licea
1096 1818 1284 1883 censoribus

115 1899 266 1963 editionis
289 1921 378 1963 meae
400 1901 544 1984 agnitum
568 1909 599 1965 et
619 1900 791 1986 probatum
808 1923 879 1965 esse
901 1900 1013 1967 laetor.
1056 1901 1120 1980 Qui
1142 1903 1168 1964 si
1193 1923 1212 1964 a
1233 1925 1285 1966 me

115 1983 149 2045 in
171 1981 304 2046 alteram
328 1984 434 2068 potius
450 1993 576 2068 partem
597 1983 724 2047 modum
746 1984 923 2048 excedente
938 1985 1037 2049 multo
1060 1984 1164 2070 plura,
1187 2007 1284 2069 quam

115 2087 196 2151 opus
218 2064 346 2143 firisset,
376 2065 530 2130 adnotata
552 2088 622 2131 esse
645 2075 856 2148 censuerunt,
887 2068 1006 2132 accidit
1033 2076 1175 2148 tantum,
1198 2067 1284 2152 quod

136 2146 348 2212 raevideram.
392 2148 547 2214 Praedixi
574 2151 659 2214 enim
686 2172 749 2215 non
779 2149 959 2232 defuturos,
988 2152 1043 2238 qui
1073 2152 1216 2215 maxime
1244 2149 1285 2215 (16

111 2170 192 2296 lbcis
215 2230 380 2316 parallelis
400 2242 432 2296 et
459 2232 633 2318 exemplis,
664 2255 747 2320 quae
766 2256 861 2298 usum
878 2233 1016 2321 aliquem
1040 2232 1169 2297 dicendi
1200 2256 1283 2297 com·

112 2313 300 2401 probarent,
323 2317 420 2379 nimis
443 2314 536 2399 larga
556 2339 653 2380 manu
675 2314 842 2402 adsparsis
865 2316 969 2400 deque
990 2317 1070 2380 viris
1093 2316 1207 2392 doctis,
1227 2317 1283 2400 qui

113 2419 211 2494 super
233 2396 294 2461 hac
316 2398 368 2462 vel
390 2397 446 2462 illa
466 2421 502 2462 re
523 2401 737 2484 grammatica
759 2401 942 2464 accuratius
965 2399 1214 2485 disputaverint,
1236 2401 1283 2462 ni·

112 2502 174 2545 nns
199 2482 385 2580 frequenter
406 2481 547 2547 laudatis
569 2504 696 2547 mecum
711 2480 973 2567 expostularent;
996 2481 1105 2546 sedin
1126 2481 1284 2547 librorum

114 2562 382 2649 philologicorum
409 2567 533 2650 ingenti
561 2566 672 2651 copia,
701 2588 768 2650 qua
797 2574 942 2630 nostram
973 2573 1111 2630 aetatem
1134 2565 1285 2630 obrutam

114 2646 278 2728 videmus,
306 2649 346 2711 iis
375 2670 502 2735 quoque
531 2647 702 2713 iuvenibus
728 2648 989 2735 prospiciendum
1011 2649 1144 2734 putavi,
1167 2648 1283 2734 quibus

115 2728 340 2816 expluribus,
373 2733 428 2818 qui
449 2731 499 2794 vel
522 2731 659 2796 eundem
688 2754 782 2796 usum
808 2741 1000 2818 sequuntur,
1034 2731 1087 2795 vel
1108 2731 1222 2795 eadem
1243 2729 1284 2794 de

114 2835 150 2876 re
173 2815 384 2900 scripserunt,
408 2836 505 2878 unum
528 2814 624 2879 modo
647 2813 826 2879 alterumve
848 2812 1035 2880 conferendi
1056 2816 1184 2880 occasio
1209 2836 1283 2899 sup·

113 2906 214 3045 petat.
259 2896 369 2976 Quare
397 2920 448 2961 me
475 2920 540 2962 non
571 2920 689 2962 vanam
712 2900 875 2986 quandam
906 2897 1074 2962 doctrinae
1101 2896 1284 2980 multaeque

127 2980 261 3043 actionis
283 2979 411 3045 laudem
428 2981 608 3057 affectasse,
630 2981 687 3045 sed
702 2980 764 3046 hac
781 2983 878 3045 etiam
901 2983 934 3044 in
956 3003 992 3044 re
1013 3003 1112 3045 verae
1131 2982 1283 3044 iuvenum

115 3063 218 3128 literis
246 3066 448 3148 operantium
478 3063 610 3128 utilitati
640 3065 808 3129 consulere
838 3063 996 3144 voluisse,
1024 3085 1145 3150 aequus
1175 3065 1283 3148 operis

115 3146 177 3209 mei
208 3168 323 3210 censor
354 3145 448 3209 facile
477 3147 540 3210 sibi
573 3147 793 3230 persuadebit.
837 3145 933 3224 Quod
961 3155 1067 3209 autem
1097 3147 1212 3209 attinet
1241 3146 1283 3209 ad

115 3234 319 3315 quaestiones
343 3227 383 3293 (16
411 3238 496 3310 tota,
527 3251 623 3314 quam
645 3239 778 3309 vocant,
810 3230 987 3291 carminum
1012 3230 1214 3309 oeconomia,
1243 3228 1284 3292 (11

141 3311 243 3376 ulchri
266 3321 298 3375 et
320 3311 430 3376 decori
452 3334 563 3393 sensu,
586 3333 682 3399 quem
703 3320 800 3398 poeta
820 3312 855 3376 in
876 3310 1012 3397 singulis
1032 3310 1113 3375 locis
1135 3311 1188 3378 vel
1232 3336 1282 3376 ro-

116 3336 316 3477 1111111111
340 3395 520 3460 desiderari
541 3397 574 3459 in
597 3418 631 3459 se
654 3418 771 3482 passus
794 3396 851 3476 sit,
874 3393 914 3458 de
935 3393 1098 3459 Aeneidos
1122 3418 1193 3459 curn
1208 3334 1284 3460 iio·

114 3481 196 3543 meri
219 3478 416 3542 carminibus
439 3488 646 3565 comparatae
667 3479 720 3543 vel
737 3477 911 3543 virtutibus
933 3477 984 3542 vel
1000 3477 1135 3542 maculis
1157 3478 1284 3543 harum·

137 3583 177 3625 ue
206 3561 363 3626 similibus
394 3561 508 3642 rebus,
537 3585 617 3649 quas
641 3561 727 3627 (iar.
749 3560 880 3626 Fried.
904 3560 1283 3646 Naegelsbachius‚

113 3585 321 3710 doctissimus
343 3644 429 3709 idern
454 3655 550 3732 atquc
572 3647 786 3728 aequissimus
810 3667 923 3709 censor
945 3644 1098 3709 editionis
1113 3644 1283 3710 1111111110-

113 3728 265 3792 nacensis
286 3727 547 3802 {blanchener
572 3727 655 3793 Gal.
672 3728 891 3812 Anaeigen
916 3733 1004 3795 1838.
1027 3728 1082 3794 Nr.
1101 3734 1284 3804 roe-111.)

114 3833 185 3876 meo
210 3832 275 3875 non
298 3813 402 3877 minus
425 3834 520 3896 quarn
541 3812 700 3895 Wagneri
721 3813 953 3876 commentario
981 3812 1088 3875 rarius
1108 3810 1204 3876 modo
1228 3811 1283 3876 ad·

115 3917 247 3980 sparsas
275 3916 345 3959 esse
369 3897 592 3981 conqueritur,
624 3895 683 3958 has
708 3895 787 3959 mihi
810 3893 941 3994 quidem
963 3917 983 3957 a
1006 3892 1063 3957 tali
1085 3916 1284 3959 commen·

115 3979 227 4043 tario
243 3978 420 4043 maximam
435 3989 563 4064 partem
581 3977 705 4043 alienas
719 3977 823 4043 videri
836 3978 870 4041 in
895 3999 975 4041 enus
990 3976 1153 4076 profiteor.
1178 3977 1284 4057 Quae·

115 4062 195 4126 darn
226 4071 334 4125 tamen
365 4062 458 4126 huius
483 4063 611 4145 generis
641 4063 673 4125 in
696 4062 785 4126 Diss.
810 4061 850 4126 (16
904 4058 1005 4145 irgilir
1025 4063 1094 4124 vita
1114 4071 1146 4123 et
1168 4061 1283 4124 carmi·

114 4144 209 4207 nibus
233 4144 309 4208 huic
331 4144 462 4208 editioni
485 4146 667 4230 praemissa
696 4146 754 4208 atti
779 4146 807 4221 i3
835 4142 901 4207 alia
929 4147 962 4207 in
985 4142 1205 4227 singularibus
1229 4167 1284 4208 ex-

116 4226 264 4291 cursibus
278 4225 451 4291 tractanda
464 4229 610 4309 fuissent,
633 4231 687 4315 qui
703 4167 859 4291 ambitum
877 4225 950 4290 ideo
975 4226 1129 4290 ucetiam
1168 4228 1284 4290 retium

115 4310 211 4375 huius
235 4310 386 4374 editionis
409 4310 541 4374 nimium
564 4321 718 4397 quantum
742 4311 920 4375 auxissent.
968 4307 1121 4374 arborum
1144 4248 1284 4396 denique

116 4393 361 4459 scribendorum
385 4394 454 4457 sive
477 4394 729 4480 orthographiae
754 4416 826 4458 eam
848 4393 969 4457 retinui
996 4393 1172 4473 rationem,
1201 4415 1285 4479 quae

116 4500 202 4542 nunc
223 4476 352 4558 vulgari
376 4500 436 4541 usu
458 4485 591 4562 recepta
606 4486 664 4558 est,
685 4478 745 4541 etsi
760 4477 909 4556 Codices,
930 4477 1091 4562 imprimis
1107 4474 1284 4558 Mediceus,

115 4562 169 4663 qui
191 4561 259 4625 fere
282 4559 367 4624 solus
390 4560 442 4625 hic
462 4560 495 4624 in
515 4580 646 4624 censum
663 4562 762 4640 venit,
780 4558 869 4624 haud
891 4581 997 4644 pauca
1012 4559 1176 4622 continent
1190 4559 1283 4640 alius,

113 4667 135 4709 1.
154 4667 180 4709 o.
193 4645 394 4730 antiquioris,
416 4643 668 4730 orthographiae
679 4644 827 4730 vestigia.
872 4642 950 4708 Alia
972 4651 1021 4706 est
1036 4641 1120 4703 enirn
1142 4641 1283 4728 Virgilii,
