2872 5070
84 203 169 250 xruv
218 183 329 252 mss.
353 181 416 246 DE
437 181 472 245 P.
496 177 627 243 VERG.
649 172 754 238 MAu
775 169 885 236 VITA
906 167 966 232 ET
989 165 1121 232 cAuM.

83 351 159 416 huic
181 349 318 415 carmini
341 356 454 434 postea
476 343 584 410 multis
605 344 638 407 in
656 340 736 408 locis
754 335 930 414 mutat0⁴⁸)
952 332 1098 431 ultimam
1123 353 1253 430 manum

84 432 213 498 demum
248 429 347 533 paulo
384 439 459 494 ante
492 436 626 492 mortem
648 431 765 512 poetae
800 423 842 496 (a.
864 423 948 497 735.)
969 439 1039 481 esse
1061 425 1255 501 impositam.

83 514 181 582 Nulla
211 537 296 580 enun
322 514 355 577 in
378 535 415 577 eo
435 534 488 576 res
508 519 601 596 gesta
623 510 891 573 commemoratur
940 521 1023 587 quae
1044 521 1165 595 annum
1187 504 1255 563 724.

85 599 322 678 excesserit⁴⁰).
372 594 512 681 Scripsit
548 602 654 658 autem
684 585 849 672 Vergilius
913 584 1044 668 eorgica
1077 603 1255 647 maximam

85 901 145 954 stus
166 894 280 951 victoria
300 893 411 948 Actiaca
433 890 571 961 reportata
592 889 621 942 et
643 886 681 940 Ae
737 888 766 938 to
792 885 923 951 occupata
944 881 1067 952 insyria
1089 898 1257 938 commorans

85 966 168 1021 etiarn
185 980 228 1019 res
245 961 386 1016 Parthicas
404 957 545 1014 ordinavit
586 954 626 1009 Of.
645 953 696 1008 Dio
730 954 791 1006 'ass
810 950 855 1018 LI,
877 954 916 1005 18.
934 950 1052 1004 Masson.
1073 950 1169 1005 inlani
1189 955 1258 1005 tem-

87 1033 134 1104 plo
163 1032 280 1087 reserato
320 1071 325 1082 .
349 1032 404 1083 111.
434 1026 511 1082 laha.
532 1022 635 1077 Introd.
657 1038 681 1089 p.
699 1019 822 1075 XXXIV.
853 1020 976 1098 etnquae
1008 1017 1043 1071 ad
1060 1016 1124 1072 Geo.
1143 1019 1180 1086 Π,
1201 1023 1256 1074 171.

85 1100 218 1155 adnotata
239 1046 323 1161 sune)
358 1096 431 1162 Quae
455 1093 538 1149 etiam
556 1089 707 1159 congruunt
724 1103 784 1141 cum
801 1087 901 1140 Donati
920 1085 1010 1153 (Vrtae
1028 1090 1050 1149 ξ.
1069 1088 1110 1140 42.
1129 1103 1150 1142 s.
1170 1104 1196 1156 p.
1216 1091 1257 1154 61,

89 1171 111 1224 1.
139 1168 183 1223 stt
211 1163 375 1224 narrat-ione,
406 1159 555 1230 Vergilium
584 1156 693 1210 Caesari
724 1157 786 1224 post
811 1153 950 1208 Actiacam
983 1153 1122 1207 victoriam
1150 1154 1257 1209 Atellae

86 1232 291 1290 reficiendarum
308 1229 427 1285 faucium
445 1242 528 1283 causa
549 1223 725 1279 commoranti
750 1238 798 1291 per
826 1221 982 1276 continuum
1011 1221 1186 1300 quatriduum
1206 1222 1258 1276 Ge·

86 1301 178 1372 orgica
204 1300 341 1355 recitasse.
375 1295 417 1350 cf.
446 1295 527 1349 etiam
556 1290 695 1345 Ribbeckii
724 1288 830 1357 Proleg.
852 1306 881 1368 p.
903 1294 941 1344 14.
977 1287 1039 1341 Alia
1069 1291 1113 1342 est
1130 1288 1258 1358 Wagneri

87 1369 234 1430 sententia,
263 1364 310 1434 qui
337 1365 365 1418 in
394 1362 486 1418 adnot.
509 1358 614 1429 epilogo
638 1357 788 1425 Georgicon
815 1356 921 1411 aduecta
946 1355 1129 1410 demonstrare
1155 1357 1256 1422 studet,

87 1438 161 1492 intra
183 1452 266 1490 annos
291 1434 439 1487 rae-725.
462 1431 552 1483 totum
577 1442 644 1495 opus
666 1425 821 1479 absolutum
845 1441 910 1480 esse.
947 1423 998 1478 Sed
1022 1422 1088 1477 mihi
1111 1424 1138 1478 id
1160 1425 1259 1494 ipsum,

87 1504 132 1560 eui
154 1504 248 1573 Wagn.
271 1504 380 1556 tantum
403 1495 528 1568 ponderis
554 1492 692 1557 attribuit,
720 1510 745 1549 v.
771 1496 819 1547 559
837 1508 894 1562 sqq.
924 1491 1017 1558 (Haec
1045 1509 1128 1562 suaper
1157 1511 1260 1547 urvo·

88 1590 158 1627 ram
190 1570 265 1626 melta
295 1579 518 1640 pecorumque
550 1562 680 1615 canebam
712 1561 751 1612 Et
786 1577 870 1629 saper
902 1559 1095 1624 arboribus,
1135 1559 1261 1615 Caesar

88 1642 162 1695 daem
180 1639 243 1704 etc.)
263 1635 383 1706 singulos
400 1632 482 1687 libros
501 1645 554 1683 uon
572 1644 620 1682 suo
644 1644 775 1697 quemque
796 1627 855 1681 loco
887 1627 1088 1681 commemorari
1116 1630 1144 1681 et
1170 1631 1261 1698 quarti

88 1724 119 1762 ar
186 1707 279 1760 sutum
316 1717 406 1757 rursus
424 1697 514 1752 omitti
538 1695 619 1765 (quod
637 1712 670 1750 ne
687 1696 721 1749 ab
740 1696 811 1748 omni
833 1694 941 1764 quidem
964 1696 1042 1762 parte
1071 1710 1172 1763 verum,
1199 1714 1260 1751 cum

88 1774 116 1827 ui
136 1773 157 1827 il
175 1773 212 1825 im
232 1771 292 1825 edia
351 1766 474 1821 uominus
493 1779 584 1819 vocem
623 1780 705 1817 ecura
722 1763 804 1816 etiarn
823 1779 887 1832 apes
912 1761 1055 1831 complecti
1086 1779 1255 1819 censeamus:

89 1841 122 1894 cf.
141 1838 211 1895 adno
241 1883 245 1892 .
264 1837 300 1892 ad
317 1786 393 1890 ilium
411 1834 519 1898 locum),
542 1847 590 1885 con
621 1847 637 1884 a
658 1848 718 1885 eum
739 1830 827 1885 faeere
844 1833 926 1899 atque
944 1829 1129 1909 demonstrare
1145 1831 1260 1894 videtur,

89 1908 170 1961 verbe
188 1906 269 1960 Haec
286 1905 422 1965 canebam,
441 1902 506 1953 dam
521 1898 624 1952 Caesar
642 1901 682 1952 ad
697 1898 867 1968 Euphratem
884 1897 1018 1963 fatescat
1030 1913 1083 1951 non
1102 1901 1160 1953 tam
1183 1901 1260 1955 anxio

88 1972 292 2044 interpretanda
310 1987 376 2034 esse,
397 1967 600 2036 Vergiliumque
617 1965 686 2019 nihil
702 1965 777 2020 aliud
795 1965 863 2020 velle
883 1965 978 2028 dicere,
997 1965 1050 2018 nisi
1067 1965 1114 2019 illo
1130 1970 1259 2036 tempore,

89 2057 141 2112 quo
162 2042 302 2110 Augustus
320 2037 411 2092 Asiam
438 2034 554 2089 nominis
573 2034 615 2087 sui
632 2034 720 2103 gloria
737 2033 871 2101 impleret,
892 2049 920 2088 se
937 2049 1063 2101 magnam
1086 2038 1114 2087 ct
1134 2033 1259 2088 ultimam

90 2107 196 2180 quidem
219 2107 298 2161 huius
323 2102 448 2159 carminis
467 2104 577 2223 partem
599 2101 797 2170 conscripsisse.
832 2101 895 2154 Loci
927 2100 997 2154 enirn
1025 2117 1042 2154 a
1065 2101 1195 2171 Wagnero
1225 2102 1259 2156 ad

89 2177 251 2232 sententiam
270 2190 346 2228 suam
362 2172 463 2241 proban
486 2186 529 2224 am
549 2169 749 2223 commemorati
768 2169 843 2235 (Geo.
858 2168 880 2229 1,
899 2172 947 2221 505
958 2183 1017 2236 sqq.
1035 2170 1063 2222 ct
1079 2169 1116 2231 Π,
1135 2173 1178 2224 111
1192 2187 1220 2239 sq
1244 2210 1259 2237 .,

90 2245 188 2314 quibus
207 2242 275 2298 adde
293 2241 356 2296 Geo.
375 2239 426 2306 111,
446 2242 478 2293 26
496 2255 509 2291 1
529 2239 565 2317 q.)
590 2237 671 2291 ctiam
694 2238 789 2306 postea
818 2235 897 2290 adiici
927 2238 1063 2305 poteraut,
1091 2253 1152 2290 curn
1181 2253 1231 2306 poe

90 2312 198 2366 omuino
219 2311 248 2364 in
270 2309 338 2364 Geor
358 2307 405 2360 icis
433 2254 559 2359 limanirs
584 2307 613 2358 et
641 2304 791 2359 excolendis
819 2319 966 2372 numquam
994 2319 1113 2358 cessasse
1131 2305 1262 2359 videatur.

89 2379 151 2435 Alia
167 2381 259 2433 autem
276 2325 381 2431 acceiit
399 2389 479 2428 causa
500 2373 580 2443 paulo
636 2373 720 2426 avior.
742 2371 891 2453 ⁸Vergilius
914 2371 993 2437 enirn,
1015 2370 1124 2452 111111,
1150 2377 1170 2428 l.
1196 2372 1262 2428 haec

90 2447 225 2502 scribens:
253 2445 411 2497 &aemam
430 2443 509 2506 bunc,
537 2443 595 2494 Are
624 2459 684 2505 aaa,
708 2441 776 2493 mebi
794 2441 910 2494 concede
931 2440 1061 2506 lahorem
1089 2456 1144 2494 ram
1174 2441 1201 2494 in
1230 2458 1261 2495 ec

90 2514 182 2578 fuisse,
200 2513 231 2567 ut
249 2511 322 2566 aliud
343 2510 412 2564 alius
436 2509 540 2578 generis
569 2510 598 2562 et
626 2507 733 2576 lougius
762 2507 835 2562 haud
865 2505 945 2560 dubie
975 2522 1081 2561 carmen
1111 2508 1261 2574 inchoaret,

90 2598 168 2636 nemo
187 2579 265 2634 facilc
285 2578 430 2641 dubitabit,
452 2593 511 2630 cum
531 2576 611 2630 aliter
629 2575 670 2628 bis
689 2575 776 2629 verbis
794 2574 880 2628 Musis
898 2577 946 2629 aut
965 2575 1071 2629 omuino
1089 2576 1258 2640 valedicere,

90 2651 139 2705 aut
157 2648 232 2711 adeo,
251 2646 355 2715 ingenti
374 2644 479 2698 scilicet
496 2644 658 2713 Eclogarum
676 2642 875 2697 condendarum
901 2642 993 2696 laborc
1020 2644 1098 2712 quasi
1127 2643 1259 2707 defessas,

91 2715 231 2771 eonsilium
251 2730 298 2784 per
339 2712 411 2766 lurcs
436 2729 519 2766 annus
563 2711 696 2766 uiesccndi
720 2710 869 2780 significare
892 2710 1035 2767 videretur.
1078 2710 1144 2776 Quis
1167 2716 1259 2766 autem

90 2784 142 2839 sibi
161 2731 432 2859 persuadebiigillud
449 2778 522 2834 aliud
541 2729 624 2833 inisse
642 2794 757 2844 carmen,
780 2794 859 2848 quam
878 2777 1010 2848 Georgica
1029 2793 1101 2858 'cum
1117 2779 1145 2832 in
1161 2780 1260 2858 Aenei-

91 2851 139 2906 dos
152 2848 295 2920 prooemio,
315 2863 389 2901 curus
409 2849 563 2903 αὐθενιίαν
582 2847 706 2916 Wagner.
729 2847 785 2916 ipse
802 2848 911 2902 strenue
930 2822 1058 2912 defendit,
1076 2845 1261 2924 Bucolicorum

90 2918 169 2975 modo
197 2922 224 2971 et
242 2915 432 2984 Georgicorum
460 2916 524 2969 ante
543 2931 560 2969 a
577 2931 606 2969 se
624 2915 834 2984 conscriptorum
852 2914 1015 2969 mentionem
1033 2912 1136 2966 faciat?
1172 2913 1261 2979 Quare

91 2986 157 3041 rnihi
176 2985 315 3052 vulgarem
336 2983 485 3063 opinionem
501 2982 533 3037 de
551 2982 604 3036 Vll
615 2983 692 3036 annis
704 2983 731 3035 iu
743 2981 920 3037 hoccarmine
939 2979 1080 3051 pangendo
1094 2984 1261 3052 consumptis

90 3053 208 3108 nondum
226 3051 334 3105 videtur
350 3050 502 3119 infregisse.
522 3052 610 3117 (Nunc
628 3051 661 3107 ef.
680 3050 761 3104 ctiam
786 3066 853 3119 quac
875 3049 1002 3105 Ribbeck.
1020 3047 1094 3102 Leet.
1124 3049 1204 3130 Verg.
1234 3069 1259 3120 p.

93 3125 116 3176 i.
135 3123 228 3175 eontra
246 3119 342 3186 Wagn.
362 3118 531 3188 disputavit.)
566 3118 615 3172 Cui
634 3121 725 3172 autem
745 3118 794 3172 hoe
812 3118 930 3187 spatium
949 3115 1029 3171 nimis
1041 3116 1151 3185 longum
1171 3118 1260 3173 11111-

91 3191 145 3252 tur,
162 3188 186 3241 is
205 3190 320 3254 reputet,
339 3186 496 3255 Vergilium,
516 3202 594 3256 quern
615 3189 716 3240 veteres
738 3185 845 3240 omnino
863 3185 943 3254 paulo
966 3184 1112 3239 tardiorem
1131 3184 1214 3240 fuisse
1232 3187 1261 3240 in

91 3253 255 3311 carminibus
274 3253 463 3323 componendis
483 3256 510 3308 et
528 3253 691 3323 expoliendis
715 3256 742 3307 et
767 3253 942 3322 paucissimos
965 3252 1043 3306 modu
1068 3253 1181 3332 singulis
1204 3253 1261 3307 dic·

91 3325 141 3380 bus
160 3338 253 3377 versus
271 3323 451 3390 composuisse
469 3321 587 3375 referunt
611 3322 654 3388 (cf.
673 3322 779 3441 quinct.
803 3322 870 3375 lust.
890 3319 922 3387 X,
941 3323 965 3384 3,
985 3324 1009 3374 8.
1046 3319 1150 3375 Gelhus
1172 3322 1258 3384 XVII,

93 3389 514 3458 1111111113115111.)
542 3389 631 3443 decem
650 3390 763 3458 Ecogas
782 3388 856 3442 iutra
893 3388 991 3440 uatuor
1008 3386 1050 3441 vel
1074 3389 1190 3458 quinque
1212 3406 1261 3442 an-

90 3476 139 3514 nos
163 3456 355 3536 conscripsisse
377 3459 405 3510 et
421 3430 531 3511 Aeneidi
554 3456 709 3526 pungendae
733 3472 825 3511 eorum
846 3470 881 3507 un
904 3454 970 3507 ecim
993 3453 1169 3535 impendisseq
1192 3459 1221 3510 et
1238 3459 1261 3511 si

91 3521 1120 3670 alteritatibus.detaut.tltet‘tttdtttt
1141 3525 1262 3666 {tutte

92 3660 260 3716 scribendum
285 3659 373 3713 multa
391 3659 504 3729 legenda
522 3662 549 3714 et
567 3659 724 3715 meditanda
746 3662 849 3722 essent,
906 3673 921 3710 o
946 3673 1004 3726 rpso
1028 3660 1117 3713 autern
1142 3664 1261 3742 tempore

92 3728 247 3783 valetudine
271 3727 360 3781 miuus
383 3744 510 3798 prospera
531 3745 609 3783 usum
634 3744 704 3789 csse,
729 3728 757 3782 et
779 3742 811 3781 ea
832 3725 891 3797 ipsa
915 3724 948 3780 de
976 3740 1056 3780 causa
1082 3728 1133 3780 sub
1155 3729 1261 3784 rnitrorc

91 3797 187 3852 Italiae
218 3794 352 3850 inferioris
374 3795 445 3850 coelo
469 3796 573 3860 vixisse,
596 3795 664 3849 illud
687 3795 856 3864 septennium
878 3793 1074 3847 multominus
1097 3795 1262 3852 mirabimur.

91 3865 217 3919 Ceterum
240 3863 274 3917 cf.
297 3862 400 3917 aductt.
417 3865 452 3918 ad
470 3864 532 3919 Geo.
550 3864 586 3929 Π,
606 3867 662 3917 511.
683 3864 710 3916 11
728 3862 778 3927 ΙΗ,
797 3865 837 3916 26.
867 3861 977 3916 11111111
993 3860 1089 3931 Progr.
1114 3864 1199 3917 Uebcr
1217 3868 1263 3919 die

92 3933 157 3987 Zeit
175 3935 227 3985 der
244 3931 489 4004 Veroffeatlicbaup
508 3935 559 3986 der
580 3929 720 3999 Georpica
739 3930 851 4000 Virpils.
870 3930 966 3998 Briep.
988 3933 1058 3985 1857.
1078 3933 1106 3984 et
1123 3931 1263 3988 Ribbeckii

91 3999 197 4067 Prolcg.
220 4016 245 4068 p.
271 4002 390 4062 13-22.,
417 4001 462 4069 qui
490 3999 572 4053 etiam
602 4016 627 4068 p.
654 4002 691 4052 11.
723 4000 796 4053 recte
825 3997 948 4067 disputat
975 4001 1070 4052 eontra
1092 3997 1262 4070 Franckiurn,

91 4067 192 4122 librum
210 4066 327 4135 primum
344 4067 441 4136 Georg.
460 4068 514 4121 iam
532 4083 556 4120 a.
572 4070 630 4120 719.
649 4081 770 4120 seorsum
787 4065 889 4122 editum
907 4082 964 4120 esse
982 4064 1177 4121 coniicieutem.

160 4137 202 4200 48)
220 4133 262 4188 Ad
279 4135 328 4188 bas
347 4135 515 4189 mutationes
533 4134 651 4202 pertinet
668 4131 750 4188 etiam
768 4133 1012 4189 Grammaticorum
1036 4133 1085 4187 illa
1114 4134 1216 4197 fabula,
1248 4153 1265 4190 a

92 4202 211 4272 Vergilio
229 4202 256 4255 in
274 4202 344 4257 Geor
364 4203 411 4256 'cis
442 4203 549 4270 praeter
567 4201 743 4256 Octavianum
776 4205 804 4257 et
820 4202 1002 4257 Maecenatem
1022 4202 1067 4268 (ci.
1085 4200 1148 4256 Geo.
1164 4203 1187 4271 I,
1205 4208 1262 4258 500.

92 4270 143 4335 ΙΙΙ,
163 4274 202 4323 lo.
221 4301 254 4310 —
272 4270 293 4338 Ι,
311 4274 333 4324 2.
368 4271 391 4332 Ι,
411 4274 451 4324 10,
470 4270 521 4334 ΠΙ,
538 4272 579 4324 42.
598 4271 662 4337 111.)
680 4268 763 4323 etiam
782 4271 860 4325 Corn.
880 4269 988 4326 Gallum
1009 4267 1136 4322 laudibus
1153 4287 1264 4325 exorna·

93 4341 152 4392 tum
182 4337 271 4404 fuisse,
298 4338 344 4392 sed
372 4337 560 4416 totumnhunc
578 4337 640 4391 libri
659 4337 704 4391 IV.
724 4337 812 4392 locum
831 4339 990 4408 posthuius
1008 4337 1175 4459 mortemqa.
1194 4343 1263 4402 728.)

93 4406 238 4461 Octauiano
258 4406 367 4460 iubente
387 4405 414 4457 in
433 4405 550 4459 Aristaei
573 4405 694 4460 fabulum
714 4408 849 4460 mutatum
868 4424 934 4462 esse.
971 4404 1109 4470 Quomodo
1152 4423 1181 4460 er
1201 4407 1264 4461 ilius

93 4473 193 4595 ipsq2i²n
212 4470 388 4597 qmendanpiip
404 4471 542 4593 {icorgicis
564 4476 687 4529 versatus
710 4473 754 4542 sit,
773 4475 941 4544 Peerlkamp.
961 4473 988 4526 in
1005 4473 1133 4529 Macares.
1152 4424 1211 4530 voi.
1230 4476 1263 4531 X.

94 4558 119 4609 p.
188 4556 424 4596 .oceresue.

159 4608 685 4679 49)Nametiamverbailla11‚eet.
725 4612 783 4665 Aut
810 4610 955 4666 coniurato
984 4612 1148 4664 decessione
1167 4611 1265 4665 Dacus
