2872 5070
176 247 237 312 662
530 239 566 304 Ρ.
586 236 774 304 VERGILI
794 235 993 301 MARONIS

175 409 348 486 Incertum,
370 428 433 493 qua
455 403 549 490 pulsa
571 425 678 484 manu,
702 424 766 489 quo
789 401 918 466 turbiue
939 401 1068 484 adacta,
1303 413 1357 466 326

178 491 261 572 Quis
283 499 407 554 tantam
427 486 555 552 Rutulis
577 485 717 568 laudern,
740 508 878 550 casusne
899 484 1031 567 deusne,

175 574 345 655 Attulerit3
392 593 484 635 ressa
506 578 555 634 est
571 571 709 654 insignis
729 569 835 654 gloria
852 568 930 632 facti

176 659 247 725 Nec
269 678 340 720 sose
394 675 492 718 eneae
514 654 650 716 iactavit
671 651 804 716 voluere
825 653 1005 738 quisquam.

178 740 318 821 Turnus,
341 748 377 803 ut
399 737 532 800 Aenean
555 734 721 800 cedentem
744 757 786 799 ex
808 735 938 819 agmine
960 734 1043 798 vidit

177 821 404 908 Turbatosque
421 819 530 900 duces,
557 818 665 883 subita
687 840 745 904 spe
767 817 912 881 fervidus
935 817 1043 899 ardet;
1304 829 1355 882 325

178 906 292 971 Poscit
315 927 414 991 60606
437 913 534 989 66066
555 924 648 966 arma
673 900 767 966 simul
789 901 936 985 saltuque
959 898 1118 985 superbus

175 988 306 1053 Emicat
328 989 362 1051 in
384 1008 514 1050 currum
537 994 568 1048 et
591 983 740 1050 manibus
764 982 895 1048 molitur
916 981 1070 1048 habenas,

177 1070 282 1136 Multa
304 1073 410 1134 virum
432 1068 574 1132 volitans
598 1066 654 1132 dat
676 1067 774 1131 fortia
795 1088 935 1152 corpora
954 1067 1046 1148 Leto,

177 1156 363 1218 Semineces
388 1152 490 1216 volvit
511 1150 628 1214 multos
651 1159 709 1214 aut
730 1151 863 1235 agmina
886 1171 984 1213 curru

176 1237 319 1300 Proterit
339 1243 396 1299 aut
417 1243 530 1319 raptas
552 1232 752 1316 fugientibus
774 1234 895 1317 ingerit
916 1232 1037 1296 hastas.

178 1318 294 1399 Quahs
316 1316 404 1404 apud
426 1316 525 1402 gelidi
547 1338 620 1380 curn
641 1315 776 1379 flumina
798 1317 943 1381 concitus
963 1314 1068 1380 Hebri

176 1535 341 1598 vulneretur,
362 1549 411 1603 pro
429 1533 491 1587 ciro
509 1531 654 1602 legendum
670 1533 752 1599 putat
769 1531 889 1585 tameo.
913 1530 965 1585 Sed
983 1546 1015 1584 er
1034 1547 1059 1584 v.
1078 1533 1137 1585 386.
1156 1529 1214 1596 (ubi
1231 1529 1287 1584 rid.
1305 1531 1351 1584 66·

177 1606 258 1669 6066.)
287 1619 320 1671 ap
341 1617 416 1655 arere
443 1599 558 1663 videtur,
588 1601 706 1653 Aeneam
724 1598 752 1677 in
770 1615 847 1654 crure
864 1598 907 1652 rel
924 1596 1024 1653 femore
1041 1615 1100 1652 esse
1116 1597 1301 1654 vulneratum.
1319 1628 1350 1637 —-

176 1670 244 1726 alis
276 1620 423 1739 adlapsa
450 1677 510 1730 est,
541 1666 676 1721 advolavit
707 1670 819 1735 pmnata
848 1666 958 1735 sagitta.
1005 1665 1046 1721 ef.
1075 1666 1123 1733 IX,
1153 1669 1262 1720 678-
1285 1662 1348 1726 323.

173 1739 287 1810 pulsa,
305 1737 423 1805 impulsa
442 1738 477 1803 (v.
496 1739 575 1800 856),
601 1733 706 1788 666666.
727 1764 761 1773 -
779 1753 867 1803 ‚auo
886 1735 1019 1788 turbine
1036 1750 1086 1803 pro
1103 1737 1187 1798 motu,
1207 1732 1256 1787 sed
1274 1733 1350 1788 rehe-

176 1809 275 1870 mente,
293 1820 401 1872 magno,
420 1808 447 1857 et
466 1804 515 1856 hoc
532 1819 594 1871 pro:
614 1819 665 1872 060
684 1811 816 1864 movente,
835 1802 1005 1856 emittente.“
1041 1802 1130 1868 Hepa.
1150 1832 1182 1840 -
1201 1798 1265 1863 321.
1298 1821 1349 1855 cc·

176 1889 273 1927 66666
290 1875 418 1926 deusne
435 1871 526 1924 Heius.
545 1887 576 1923 ex
594 1870 750 1923 melioribus
766 1869 843 1924 libris
860 1868 980 1924 restituit
996 1886 1045 1938 pro
1066 1870 1141 1949 vulg.
1160 1899 1190 1908 —
1210 1886 1242 1922 ae
1263 1899 1293 1907 -
1311 1886 1349 1932 ve,

176 1939 251 2059 quod
269 1956 299 1993 ex
317 1938 367 2001 IX,
385 1941 441 1993 211,
460 1937 606 2006 repetitum
624 1937 740 1990 ridetur.
765 1937 853 2016 Recte·
865 1937 936 1990 euim
955 1938 1059 2004 ll'agu..
1077 1954 1124 2005 qm
1142 1936 1260 2015 contorti
1277 1936 1350 1990 iubet

177 2004 524 2140 attsttltatat?
544 2003 1099 2150 36363333633666663633
1120 2003 1349 2150 tettan

176 2141 285 2210 aliquis,
313 2156 347 2193 66
366 2155 453 2198 66666,
481 2156 515 2193 66
534 2139 618 2192 66663
637 2145 676 2192 ita
693 2142 724 2192 ut
742 2141 892 2194 necessario
910 2157 943 2193 aa
960 2171 991 2178 -
1008 2158 1042 2192 66
1057 2138 1200 2208 legendum
1216 2143 1264 2194 sit.
1300 2139 1348 2206 (Gi.

179 2208 289 2264 aduott.
318 2207 353 2261 ad
371 2207 393 2271 1,
412 2210 480 2267 368.)
518 2206 604 2259 06660
633 2211 724 2260 autern
753 2213 785 2272 (s.
804 2209 929 2276 fortuna)
959 2209 987 2260 et
1004 2207 1048 2260 dir?
1065 2207 1158 2260 eadem
1177 2207 1283 2261 ratione
1300 2206 1350 2261 sibi

178 2277 356 2398 aestua
373 2274 518 2396 atra
539 2277 595 2395 a·
611 2274 788 2410 ,tuldila
797 2275 957 2397 66166θὲ·
971 2273 1059 2402 pp..
1068 2274 1194 2395 aee
1216 2274 1300 2396 litt·
1316 2273 1349 2394 l:

177 2385 271 2473 166610,
295 2411 312 2465 i.
331 2427 356 2478 q.
375 2426 407 2463 su
426 2382 525 2478 pressa'.
543 2381 664 2462 -hasr'
690 2411 742 2462 nis
767 2411 881 2477 pluria
903 2411 1001 2474 faeti
1037 2408 1078 2462 cf.
1097 2409 1167 2463 Stat.
1186 2381 1270 2463 Theb.
1289 2409 1348 2472 XII,

183 2482 239 2532 136.
258 2478 375 2546 tripentis
393 2428 487 2545 plor-ia
505 2477 582 2545 sacti.
602 2508 636 2515 —
679 2521 684 2531 .
706 2475 770 2538 323.
794 2494 895 2531 memor
912 2477 996 2530 fuisso
1014 2476 1120 2530 videtur
1139 2476 1223 2530 Silius
1241 2478 1274 2539 V,
1293 2481 1349 2529 637.

179 2547 217 2600 sic
248 2547 381 2599 scribens:
410 2545 482 2598 66116
506 2548 602 2598 ‹Icrtra
620 2546 726 2598 iactare
742 2546 856 2614 reliquit
872 2545 1041 2598 Flarra'aium
1057 2545 1186 2598 cecidisse
1206 2563 1267 2599 aaa.
1302 2543 1349 2597 Co-

179 2613 293 2734 01600006
312 2612 416 2665 confert
427 2628 515 2740 0626066
533 2612 579 2675 Vl,
600 2616 657 2667 876.
676 2643 707 2652 —-
727 2610 785 2672 324
803 2630 842 2682 60.
870 2612 998 2665 Imitatus
1017 2617 1059 2667 est
1077 2613 1147 2666 hunc
1163 2612 1253 2666 locum
1272 2611 1350 2666 Silius

300 2698 312 2732 s
351 2723 356 2733 s
374 2710 406 2718 .-

179 2697 435 2801 alvararvqunrw
458 2754 651 2816 θερμαίνεται.
672 2779 702 2785 —
722 2745 785 2808 326.
816 2749 906 2801 Verba
933 2756 1044 2816 poscat
1072 2765 1173 2817 equos
1191 2764 1266 2818 seqq.
1301 2748 1349 2800 La·

179 2815 243 2869 (lew.
263 2814 300 2867 sic
319 2814 445 2881 explicat:
476 2814 590 2867 advocat
612 2815 763 2877 Metiscum,
794 2816 917 2884 aurigam
947 2833 1025 2869 suum
1044 2820 1078 2883 (v.
1101 2818 1180 2880 469),
1205 2821 1269 2883 0066
1292 2831 1349 2868 vero

179 2883 290 2937 ardente
323 2881 412 2935 studio
447 2881 474 2932 in
505 2898 623 2950 pugnarn
653 2883 784 2936 festinans
815 2884 872 2952 ipse
900 2882 1019 2937 habenas
1048 2883 1153 2951 arripit.
1197 2883 1240 2939 Sic
1272 2884 1349 2938 etism

178 2949 260 3004 Silius
288 2949 306 3002 l.
325 2950 343 3003 1.
374 2966 396 3002 v.
423 2952 480 3002 3s3.
504 2950 597 3018 poscit
626 2966 730 3018 606666.
749 2980 780 2989 -
798 2953 974 3031 superbus,
1006 2951 1023 3004 i.
1042 2968 1064 3004 e.
1096 2950 1189 3004 subita
1220 2968 1268 3020 spe
1296 2950 1350 3005 ani-

178 3034 278 3084 mosas,
308 3016 559 3070 6666616066-
579 3014 644 3075 327.
674 3019 810 3071 Emicat
831 3037 866 3071 ra
885 3037 1026 3073 carruca.
1063 3019 1123 3072 Vid.
1142 3018 1177 3072 ad
1196 3018 1229 3085 V,
1248 3022 1308 3073 319.
1325 3021 1350 3072 66

179 3085 226 3146 VI,
246 3091 270 3139 5.
292 3114 324 3121 -
341 3085 498 3143 molitur.
517 3088 614 3148 movet,
634 3087 746 3147 tractat,
766 3103 794 3139 re
814 3086 844 3139 it.
880 3085 950 3149 (vid.
971 3086 1005 3139 66
1025 3087 1088 3141 (160.
1108 3087 1130 3147 Ι,
1150 3088 1222 3149 329.)
1257 3085 1350 3153 „Solus

179 3168 241 3205 oum
259 3152 363 3205 Turnus
393 3151 578 3205 conscenderit
597 3168 723 3230 currum,
753 3104 824 3207 unde
845 3153 916 3207 infra
933 3170 957 3207 r.
977 3157 1036 3209 469.
1055 3158 1109 3207 tam
1128 3158 1240 3222 repente
1259 3155 1351 3223 auriga

178 3221 243 3280 eius,
262 3220 412 3273 Metiscus?
430 3219 533 3286 Nempe
551 3223 582 3271 ut
595 3220 632 3272 rbi
645 3224 725 3287 esset,
738 3221 765 3274 iu
783 3222 858 3275 cuius
869 3221 957 3274 locum
969 3221 1111 3275 succedere
1123 3222 1240 3276 Iuturna
1251 3224 1349 3290 posset.

92 3346 95 3353 ¹
177 3287 333 3340 Mutaturus
352 3286 402 3339 hoo
420 3303 524 3355 quoque
536 3286 729 3347 fortasseerat‚
748 3289 771 3341 si
783 3288 914 3350 licuisset,
933 3291 1038 3356 poeta.“
1061 3291 1111 3343 ll'a
1131 3308 1155 3344 u.
1176 3289 1239 3343 Vid.
1261 3305 1349 3358 supra.

180 3355 300 3408 Iteratur
334 3354 378 3406 hic
403 3371 496 3407 versus
515 3355 542 3406 iu
560 3355 643 3408 Anth.
661 3355 721 3409 Lat.
742 3356 765 3418 I,
786 3360 841 3417 172,
864 3360 904 3409 35.
924 3357 1043 3409 —Cum
1063 3373 1087 3410 v.
1105 3307 1169 3417 328.
1188 3357 1223 3412 cf.
1242 3357 1277 3419 X.
1296 3362 1350 3410 664.

179 3420 267 3474 Obvia
298 3423 385 3475 066166
413 3422 502 3474 viriam
532 3423 649 3475 cle-raittit
666 3441 715 3476 cor
737 3442 788 3476 oro
807 3423 904 3476 Mora.
923 3453 955 3461 —
973 3421 1037 3484 329.
1069 3423 1261 3478 Semineces
1283 3423 1349 3478 sol·

178 3489 241 3550 vit,
259 3488 335 3549 facit,
354 3490 386 3541 ut
403 3489 549 3542 semineces
567 3507 595 3542 se
613 3441 734 3544 volvanl
766 3491 806 3545 cf.
826 3491 907 3544 etiam
926 3491 973 3552 IX,
992 3496 1050 3545 414.
1069 3494 1096 3545 66
1112 3495 1171 3545 433.
1201 3492 1371 3561 Conington·

179 3558 260 3623 putat
287 3559 395 3622 poetam
425 3556 572 3625 respexisse
600 3557 680 3610 Horu.
710 3559 742 3611 ll.
773 3558 847 3623 VIII,
872 3561 929 3610 215.
951 3589 984 3596 -
1004 3556 1069 3617 330.
1102 3561 1200 3626 Wapa.
1251 3559 1348 3614 uuerit:

179 3622 425 3688 ,,Ρ666616066166,
450 3625 521 3677 uude
539 3626 581 3676 tot
599 3624 693 3678 hastas
714 3626 858 3704 sumpserit
878 3625 992 3692 Tumus,
1010 3629 1058 3678 aut
1077 3642 1205 3693 quorsum
1262 3626 1351 3681 iecerit

199 3692 260 3743 oeta
277 3689 346 3743 illud
363 3692 480 3769 raptas!
515 3694 636 3759 Apparet
660 3709 713 3745 606
732 3697 800 3746 satis
818 3693 883 3747 haee
902 3693 1041 3746 elaborata
1058 3697 1164 3761 poetam
1182 3695 1348 3764 reliquisse.“

178 3705 230 3812 Sed
247 3757 320 3810 haud
339 3758 419 3812 dubie
438 3759 625 3827 significantur
641 3760 736 3813 hastae
754 3760 787 3813 66
805 3761 960 3830 corporibus
979 3763 1124 3814 occisorum
1142 3765 1246 3840 raptae.
1278 3759 1349 3828 Quod

177 3824 332 3893 intelligens
352 3827 448 3893 ll'agu.
476 3828 502 3879 iu
526 3828 663 3881 recentiss.
685 3828 749 3881 edit.
769 3829 930 3896 suspicatur,
960 3828 1110 3894 Metiscum,
1142 3845 1188 3898 qur
1206 3829 1297 3884 Turno
1313 3830 1351 3883 in·

178 3892 258 3946 terim
288 3910 335 3961 pro
366 3894 498 3962 armigero
517 3895 606 3959 fucrit,
640 3899 732 3964 raptas
758 3895 790 3948 de
810 3897 963 3964 corporibus
981 3912 1117 3950 caesorum
1135 3895 1230 3951 hastas
1248 3898 1275 3951 ei
1291 3914 1351 3965 sug·

177 3960 303 4029 gessisse.
339 3961 491 4029 Ladewigio
510 3978 581 4023 vero,
609 3963 656 4030 qui
678 3962 782 4016 confert
800 3963 847 4029 xl,
869 3968 936 4030 651,
965 3972 1063 4033 raptae
1080 3965 1175 4017 666166
1192 3964 1352 4034 simpliciter

178 4030 243 4080 sunt
272 4028 373 4096 raptim
393 4029 575 4096 apprehensae
593 4031 738 4099 cademque
757 4032 799 4083 est
817 4031 995 4099 Coningtouis
1013 4031 1155 4093 sententia,
1186 4033 1233 4101 qui
1251 4032 1353 4086 confert

177 4094 252 4158 VIII,
267 4100 322 4148 111.
340 4099 398 4150 226.
418 4101 467 4152 ete.
492 4097 561 4150 Utut
578 4101 668 4150 autern
687 4097 768 4151 verba
786 4098 938 4164 capiuntur,
958 4101 1030 4152 certe
1048 4116 1100 4152 non
1118 4116 1186 4168 opus
1203 4103 1247 4155 ert
1265 4099 1353 4154 Peerl-

177 4161 279 4230 kampii
298 4163 451 4216 coniectura
469 4166 595 4233 rapidas.
615 4195 647 4202 —
665 4165 829 4218 Proterz't.
866 4166 1018 4234 Conington
1037 4170 1179 4234 memorat,
1203 4167 1353 4237 Vergilium

180 4228 223 4282 hic
255 4229 372 4284 fortasse
403 4247 548 4284 memorem
580 4232 664 4285 fuisse
682 4232 761 4286 Horu.
779 4233 810 4285 Ι1.
830 4232 878 4299 Xl,
898 4238 954 4287 334.
974 4235 1002 4286 66
1021 4237 1160 4303 comparat
1178 4234 1255 4291 Caes.
1275 4236 1307 4289 B.
1325 4235 1353 4289 C.

176 4297 213 4363 ΙΙ,
232 4302 274 4350 41.
301 4297 452 4376 Equiculus
468 4299 586 4351 bostiam
605 4329 614 4337 ·
633 4331 643 4340 ·
662 4301 808 4353 siccatrare
837 4302 923 4353 aeterra
953 4309 1074 4354 austrum
1103 4309 1128 4353 et
1158 4319 1273 4356 averws
1287 4322 1353 4373 pro·

177 4371 262 4417 terere
279 4365 385 4434 occepit.
404 4397 435 4404 -
454 4365 544 4418 Verba
569 4375 692 4436 raptas
716 4368 937 4437 sapientibus
955 4369 1081 4433 inpar-it
1098 4370 1216 4423 hastos
1232 4369 1289 4424 ium
1307 4370 1353 4433 IX,

178 4434 235 4484 763.
266 4432 443 4499 16016666.-
464 4431 516 4493 331
536 4450 593 4502 sqq.
628 4434 714 4502 Heyu.
745 4436 857 4489 conferri
888 4436 963 4490 iubet
980 4436 1056 4490 Iliad.
1076 4436 1151 4500 XIII,
1174 4439 1224 4491 298
1242 4454 1303 4508 sqq.
1328 4440 1355 4491 ct

486 2721 492 2733 .
521 2697 578 2748 ape
607 2681 766 2745 fervidas
794 2681 899 2734 ardet.
934 2680 975 2733 cf.
1004 2679 1083 2759 Scph.
1112 2680 1154 2734 ni.
1181 2684 1241 2734 478.
1274 2679 1349 2739 ὅσης

179 4496 238 4559 XX,
258 4502 307 4552 298
325 4517 365 4620 sq.
385 4502 413 4553 06
430 4500 525 4554 Silium
544 4502 566 4567 1,
586 4504 635 4554 433
654 4519 722 4571 600.,
747 4503 789 4556 cui
807 4503 866 4556 loco
884 4504 952 4557 0660
970 4503 1085 4556 alterum
1102 4502 1187 4558 eiusd.
1205 4510 1305 4573 poetae
1321 4505 1354 4566 V,

180 4569 229 4617 376
248 4583 306 4634 600.
363 4584 453 4620 ummo
484 4570 574 4621 autem
594 4569 676 4621 Turni
703 4570 762 4623 lans
780 4573 830 4636 est,
861 4570 931 4639 0606
952 4587 1012 4623 oum
1030 4571 1089 4640 ipso
1106 4571 1194 4626 Marte
1215 4587 1355 4641 comparu-

177 4634 230 4685 t-nr.
250 4662 280 4671 —
300 4636 393 4702 apud
421 4635 569 4702 fluraiaa
589 4636 699 4690 Hebri
727 4637 790 4704 (vid.
820 4638 854 4692 ad
887 4638 996 4712 Ecl‘X,
1021 4644 1061 4693 65.
1092 4640 1120 4693 66
1137 4638 1204 4694 Aen.
1222 4639 1247 4706 I,
1267 4641 1355 4708 stt),
