2872 5070
505 237 732 306 AENEIDOS
754 238 838 304 LIB.
858 238 903 303 X.
1241 243 1296 306 381

150 408 308 491 Arcades,
331 407 421 488 haee,
442 407 557 491 inquit,
579 428 737 471 memores
759 428 832 471 mea
854 404 942 470 diota
964 403 1081 470 referte

127 459 301 558 lluandro:
325 488 464 570 Qualem
486 491 612 571 meruit,
634 488 785 553 Pallanta
805 489 943 554 remitto.

131 576 289 673 Quisquis
311 573 413 638 honos
434 572 559 652 tumuli,
581 571 741 719 quidquid
763 572 908 637 solamen
929 569 1085 636 humandi
1105 578 1164 650 est,

128 661 279 744 Largior.
323 655 423 721 Haud
443 654 491 720 illi
514 654 645 720 stabunt
695 657 787 719 eneia
833 677 913 719 arvo

128 740 313 827 Hospitia.“
356 738 400 802 Et
420 738 514 804 laevo
538 739 660 824 pressit
680 738 764 825 pede
785 678 865 802 talia
883 738 970 802 fatus

130 825 324 887 Exanimem
345 822 476 908 rapiens
497 822 643 885 inmania
687 820 809 884 ondera
831 819 930 885 baltei

130 908 382 992 inpressumque
403 904 513 968 nefas:
532 925 598 966 una
621 843 683 967 suh
701 913 795 967 noete
816 901 917 988 iugali

132 989 238 1055 Caesa
259 1009 373 1051 manus
393 988 546 1052 iuvenum
566 984 670 1060 foede,
692 985 891 1071 thalamique
913 985 1046 1067 cruenti,

131 1190 339 1198 -.-—-—-...-

758 1333 804 1387 He
842 1362 898 1386 .-
917 1333 984 1387 eum
1002 1347 1026 1386 v.
1044 1332 1107 1393 491.
1126 1333 1224 1394 esxl,
1245 1337 1300 1389 176.

130 1401 210 1455 Haeo
225 1417 354 1455 maneres
370 1400 432 1469 rapi
449 1403 582 1455 martimo
605 1405 714 1470 referte.
736 1431 768 1438 -
785 1352 900 1461 „Imm
919 1400 1020 1468 duplici
1037 1400 1114 1454 modo
1144 1403 1235 1469 potest
1262 1401 1302 1454 in-

103 1496 106 1500 *
130 1468 228 1537 telligi,
247 1470 311 1522 aut:
330 1467 438 1538 qualem
449 1467 573 1522 Euander
592 1468 699 1532 meruit,
722 1470 754 1521 ut
772 1468 826 1521 sibi
842 1468 1009 1522 remitterem
1019 1467 1114 1532 filium,
1133 1469 1181 1521 ant
1197 1467 1303 1537 qualem

130 1536 223 1589 Pallas
242 1536 350 1599 meruit,
369 1537 401 1590 ut
419 1551 447 1590 se
467 1537 645 1603 remitterem,
676 1536 695 1589 i.
713 1552 735 1591 o.
760 1538 792 1589 ut
810 1535 907 1605 dignus
938 1537 997 1589 erat
1024 1534 1112 1589 audax
1140 1535 1302 1589 adolescens,

130 1603 208 1657 Hane
225 1603 490 1670 alteramlrationem,
508 1603 552 1658 oui
564 1604 664 1673 optime
675 1603 838 1672 respondent
851 1604 991 1672 sequentia
1002 1603 1092 1667 rerba,
1110 1602 1168 1657 iure
1184 1602 1304 1671 praefert

130 1671 225 1740 Heyn,
257 1671 301 1726 eui
330 1670 412 1725 etiam
444 1671 535 1726 Gessr.
563 1675 591 1726 et
622 1671 703 1726 ceteri
732 1671 892 1726 recentiores
926 1671 1041 1725 editores
1072 1672 1180 1750 praeter
1197 1670 1301 1724 Peerlk.

131 1741 159 1793 et
187 1739 284 1808 Wagn.
316 1738 518 1807 adsentiuntur,
558 1739 604 1808 qui
622 1739 746 1806 fpriorem
775 1755 817 1793 am
839 1738 977 1793 leetuntnr
1009 1738 1223 1807 erphoationem.
1268 1738 1311 1791 at-

130 1805 235 1861 Peerllu
254 1805 362 1876 quidem
379 1806 445 1860 haee
474 1805 602 1860 adnotat:
631 1807 768 1871 „Remitto
795 1755 837 1859 illl
854 1804 1018 1873 Pallantem,
1048 1821 1099 1859 non
1123 1806 1226 1867 vivum,
1256 1804 1303 1858 sed

132 1876 276 1938 mortuum,
296 1873 402 1943 qualem
421 1873 473 1926 sibi
489 1873 641 1928 Pallantem
671 1873 774 1928 remitti
791 1874 890 1927 meruit
905 1875 1014 1943 propter
1031 1873 1150 1942 hospitia
1167 1874 1196 1926 et
1213 1872 1305 1926 amiei-

130 1941 199 1995 tiam
216 1941 320 1996 Aeneae
338 1943 366 1995 et
382 1940 511 1996 auxilium
529 1942 553 1995 ei
570 1941 759 2010 praestitum.“
779 1971 811 1979 -—
828 1941 937 2010 qualem
965 1957 1014 2009 pro
1048 1940 1171 2005 uomodo,
1193 1942 1225 1993 ut
1245 1935 1304 1993 riou

131 2025 179 2130 pio
197 2007 244 2070 ὠς.
262 2039 296 2047 -
314 2009 463 2071 remitto‚
482 2008 538 2063 soil.
558 2008 738 2077 sepeliendum
758 2008 786 2062 in
803 2008 894 2079 patria
912 2010 993 2062 terra.
1029 1957 1069 2063 gl.
1088 2011 1180 2062 autem
1194 2009 1226 2074 V,
1245 2009 1303 2060 871.

131 1333 247 1401 στήθεσι
266 1338 380 1400 βαίνων,
398 1337 431 1386 ut
448 1330 570 1387 balteum
587 1334 723 1388 exueret.“

172 2078 255 2141 ‚lea
276 2078 303 2130 et
320 2075 422 2130 similes
440 2075 500 2144 looi,
518 2075 554 2130 ibi
574 2092 608 2130 ne
625 2076 731 2130 adnott.
750 2104 781 2114 —
800 2076 979 2157 quidquid·
991 2075 1131 2155 deputante
1151 2091 1199 2144 pro
1217 2075 1303 2150 quod·

132 2143 543 2291 &timiditatem
558 2142 1302 2273 utilitiaiollvsstdf‘tt‘atttffff

132 2295 183 2399 law
201 2280 275 2400 totlpe
293 2294 385 2399 vezano
403 2281 518 2399 llerlitm
535 2294 568 2398 ¹³1¹,
571 2277 785 2399 'dnlh'lhgtltl’
806 2281 948 2404 limi,
962 2280 989 2332 et
999 2278 1244 2398 t{eritisbqio‘atiquid
1260 2295 1304 2331 eo·

132 2363 220 2467 alil
236 2364 341 2468 ciniis
360 2362 523 2468 difuit?
539 2363 579 2466 ιιι
590 2386 647 2466 iar’.
666 2383 790 2476 vi'rsi
809 2411 871 2465 aar.
890 2361 1010 2475 infir.
1029 2364 1057 2464 el
1068 2364 1160 2465 hall.
1180 2362 1305 2480 diiii:

131 2480 169 2545 Il,
188 2486 213 2544 7,
233 2485 256 2535 8.
276 2480 304 2535 et
320 2480 371 2544 III,
391 2485 416 2542 8,
434 2485 456 2535 5.
492 2454 596 2535 Peerlk.
626 2480 692 2533 haee
720 2478 802 2532 verba
818 2481 881 2547 post
911 2478 1098 2533 antecedentia
1115 2479 1184 2545 (Hoc
1213 2481 1305 2532 tamen

132 2548 252 2603 solamen
268 2548 393 2602 Euander
410 2548 537 2610 habebit,
568 2549 599 2601 ut
618 2547 705 2600 filium
722 2544 834 2612 sepelire
871 2546 948 2609 ossit)
977 2547 1079 2599 absona
1104 2548 1208 2614 censet,
1240 2545 1305 2599 haee

132 2615 245 2670 addens:
276 2616 323 2683 „si
339 2617 416 2670 laud
451 2632 519 2668 urvo
537 2617 656 2693 starent,
687 2561 903 2692 filiumeanihus
921 2614 949 2666 et
968 2613 1062 2667 aribus
1080 2614 1208 2683 praedam
1225 2613 1306 2667 relin-

93 2699 96 2704 ·
133 2699 214 2779 quere
233 2684 396 2762 debuisset..
433 2699 457 2736 io
476 2682 524 2735 hos
543 2683 593 2763 itia
611 2684 693 2736 etiam
711 2680 796 2766 pluris
814 2681 963 2801 εῒιῐιεεῗῖιιι,
993 2697 1074 2760 quam
1092 2683 1178 2761 morte
1196 2680 1306 2760 Pallan-

132 2752 405 2898 themata
422 2750 885 2897 ,sutelae-tusses
902 2748 1307 2897 ιιιιιιιιιιιιι

133 2888 310 2940 sententram:
329 2885 464 2941 Solamme
481 2885 610 2938 humandi
627 2885 677 2938 filn
689 2885 856 2953 patremnon
870 2884 994 2953 prrvabo;
1011 2900 1065 2937 ram
1084 2884 1206 2938 s1ohaud
1223 2899 1306 2953 parvo

133 2952 158 3007 ei
176 2954 288 3008 stabunt
305 2955 406 3007 Aeneia
424 2952 551 3022 hospitia,
569 2953 627 3006 sola
641 2952 689 3005 filii
707 2954 794 3006 morte
814 2950 881 3005 satis
899 2949 958 3004 luet
975 2950 1080 3005 Aeneae
1097 2951 1254 3005 amicitiam.
1273 2981 1306 2990 -

132 3022 261 3074 Aeae'ca
288 3021 455 3100 hospitia,
486 3020 584 3082 active:
611 3019 682 3088 quod
701 3020 820 3073 Aeneam
847 3017 982 3098 hospitem
1000 3019 1110 3087 recepit.
1145 3018 1188 3072 Sio
1206 3018 1229 3085 I,
1248 3021 1306 3071 671.

132 3088 252 3142 Iunonia
261 3089 318 3142 *hoe
340 3088 399 3155 etia,
429 3087 476 3141 sed
494 3104 573 3141 sensu
591 3088 705 3157 passivo.
740 3086 866 3140 Ceterum
884 3085 938 3140 vid.
957 3101 1040 3154 snpra
1063 3102 1087 3139 ι.
1111 3089 1167 3140 156.
1202 3085 1307 3137 Aeneia

132 3157 244 3236 pompeis.
264 3186 297 3194 —
314 3106 381 3216 Itd.
399 3155 439 3233 Iit
457 3155 536 3209 laeam
552 3172 582 3224 p.
600 3172 628 3224 p.
664 3153 725 3233 Vid.
743 3153 778 3206 ad
795 3154 817 3220 l,
828 3157 868 3208 82.
903 3152 1002 3233 Pedem
1020 3156 1111 3233 autem
1130 3152 1215 3232 oqoieo
1235 3151 1307 3205 hosti

133 3240 170 3276 un
191 3238 270 3277 onere
288 3223 376 3276 solent
392 3225 519 3288 victores,
551 3224 582 3275 ut
611 3221 698 3290 epoha
727 3219 872 3274 detrahant
891 3223 919 3274 et
944 3223 1083 3274 victoriam
1101 3220 1228 3274 indicent.
1264 3218 1306 3272 Cf.

189 3294 272 3353 ,356.
305 3288 463 3345 OvidMet.
482 3288 556 3352 VIII,
578 3292 635 3342 424.
654 3291 683 3342 et
702 3288 780 3343 Hom.
798 3287 831 3341 Π.
850 3288 918 3342 XIII
945 3291 1002 3342 618.
1033 3287 1100 3342 ddi
1119 3289 1169 3349 λὰξ
1187 3288 1218 3342 ἐν
1237 3286 1306 3350 στή-

134 3363 198 3436 θεσι
218 3363 322 3423 ῥαίνων
344 3355 452 3425 Τεύχεά
471 3374 500 3409 ιε
518 3356 655 3425 ἐξενάριξε
674 3358 726 3435 eto.
757 3386 790 3395 —
812 3354 877 3416 496.
896 3327 1090 3410 &munimem
1111 3371 1202 3409 omnes
1221 3352 1306 3408 Codd.

136 3424 271 3491 exhibent,
289 3428 395 3493 praetor
412 3422 483 3478 Gud.
503 3425 530 3477 et
545 3423 645 3490 Palat,
664 3438 709 3492 qu1
727 3422 827 3476 habent
844 3423 1005 3477 mansorum.
1039 3423 1101 3476 Vid.
1120 3422 1154 3477 ad
1173 3422 1219 3487 IV,
1239 3425 1262 3476 8.
1282 3422 1310 3475 et

132 3492 180 3559 IX,
198 3497 256 3546 444.
288 3524 319 3532 —
349 3491 456 3545 baltei
485 3489 679 3556 δισσυλλάβως
706 3490 944 3560 pronuntiandum.
986 3489 1046 3544 Vid.
1076 3490 1111 3544 ad
1140 3489 1220 3554 VIII,
1249 3492 1307 3543 553.

134 3563 163 3613 et
185 3560 257 3614 alibi.
290 3590 321 3597 -
353 3559 757 3680 impressumquevaesas,
788 3557 844 3637 soil.
869 3557 1032 3621 Danaidum,
1062 3557 1134 3627 quod
1159 3558 1188 3611 in
1216 3556 1307 3611 balteo

134 3626 269 3681 caelatum
299 3642 398 3695 appare
419 3629 457 3679 at.
493 3624 551 3690 Quo
588 3626 688 3679 attinet
705 3623 740 3679 ad
757 3625 970 3679 coniunctionem
999 3641 1059 3680 oum
1077 3625 1158 3680 verbo
1187 3626 1307 3695 rapr'ear,

135 3693 242 3748 Ladew.
271 3694 386 3748 conferri
414 3693 489 3748 iubet
516 3692 590 3754 VIII,
611 3696 667 3746 731.
702 3691 838 3745 Attollens
865 3693 976 3747 humero
1005 3695 1165 3762 famamque
1195 3700 1221 3746 et
1246 3693 1309 3759 sata

133 3769 269 3831 nepotum.
288 3793 319 3801 -
337 3761 392 3821 497
411 3777 452 3882 sq.
483 3759 646 3825 „Brevitatis
665 3761 693 3814 et
710 3759 850 3813 varietatis
879 3759 968 3814 studio
987 3763 1152 3815 structuram
1170 3760 1307 3824 orationis,
1332 3770 1339 3777 ·

153 3845 215 3882 uam
231 3845 307 3882 orsus
326 3833 397 3890 erat,
446 3828 542 3900 eserit,
561 3829 635 3888 oeta,
665 3830 726 3881 eta
747 3828 842 3895 quarto
869 3827 904 3881 ad
931 3827 1048 3896 primum
1065 3827 1165 3882 Casum
1182 3828 1308 3882 t1·anait.“

166 3913 223 3966 epa.
259 3895 320 3948 Vid.
338 3894 445 3949 adnott.
464 3894 498 3948 ad
515 3844 580 3958 Vll,
601 3898 656 3948 741.
691 3894 802 3962 Proprie
834 3894 905 3948 enim
930 3895 1019 3949 verbis
1041 3896 1200 3966 Inpressum
1229 3896 1309 3962 nesae

133 3979 182 4084 per
202 3962 396 4033 appositionem
415 3962 496 4016 adiun
516 3960 586 4016 enda
602 3962 680 4015 erant
701 3960 779 4015 haee:
812 3959 926 4015 Caeam
952 3964 1218 4024 manumissionum,
1248 3963 1265 4015 i.
1284 3977 1307 4015 e.

174 4031 291 4100 Aegypti
311 4030 427 4083 filiorum
455 4046 472 4084 a
514 4029 655 4083 anaidibus
673 4044 823 4093 caesorum,
852 4029 1040 4098 thaleawaqoe
1069 4038 1204 4084 cruentos.
1238 4028 1309 4093 „Sed

137 4098 350 4152 roeteeonsulto
370 4097 458 4151 nesio
477 4096 584 4165 scripsit
611 4097 704 4166 poeta,
733 4095 751 4148 i.
777 4112 800 4150 e.
819 4095 980 4165 impressum
997 4099 1089 4151 autem
1118 4096 1263 4164 (caelatum
1280 4095 1309 4147 in

135 4165 237 4231 balteo)
255 4165 332 4219 nefas
348 4113 402 4217 luit
421 4179 521 4242 caesa
540 4179 652 4217 manns
672 4163 741 4217 etc.“
762 4162 874 4241 Πειρη.
911 4162 952 4219 ef.
972 4164 1054 4218 etiam
1072 4162 1219 4218 Bemhardi
1239 4161 1309 4230 Spa·

135 4241 183 4287 tua
199 4250 226 4303 p.
245 4235 302 4287 69s
323 4275 328 4286 .
348 4231 439 4299 plures
465 4229 594 4285 eiusmodi
619 4230 691 4284 locos
706 4229 845 4298 oolhgens.
879 4230 1030 4300 Conington
1048 4231 1093 4284 hio
1105 4231 1210 4285 confert
1227 4244 1310 4298 supra

136 4300 197 4368 VII,
219 4303 278 4353 741.
298 4249 326 4354 eqt
345 4301 403 4378 785,
422 4299 503 4419 atqpe
521 4297 600 4377 Hom.
618 4297 650 4351 Il.
668 4297 702 4359 X,
721 4300 771 4350 436
790 4314 849 4367 sqq.
884 4298 969 4377 liryoe
986 4314 1047 4352 vero
1078 4299 1233 4364 verbauaa
1260 4298 1310 4349 aab

135 4375 214 4423 aeae
232 4395 245 4408 ·
262 4397 274 4408 -
293 4373 398 4421 ericam
415 4381 461 4418 exe
490 4366 636 4419 maironem
656 4369 869 4432 παρενθιτικῶς
886 4366 1017 4419 msertam
1041 4366 1109 4431 span
1125 4365 1310 4432 wolamotory

175 4435 306 4489 reathetie
324 4435 448 4500 adauae‘)
464 4431 556 4494 habet,
569 4431 658 4484 minus
667 4430 853 4499 probabiliter.
871 4461 904 4472 —
922 4432 1012 4487 Verba
1029 4432 1144 4486 malano
1162 4448 1196 4486 ue
1207 4431 1313 4485 manti

133 4452 189 4556 Im'
220 4518 253 4556 us
275 4503 357 4557 etiam
375 4502 405 4555 in
421 4500 506 4554 Anth.
524 4499 584 4553 Lat.
602 4499 624 4561 1,
645 4501 703 4564 16⁸,
722 4502 745 4553 5.
784 4498 825 4553 De
842 4499 903 4567 ipsa
921 4515 950 4554 re
968 4499 1036 4555 satis
1053 4500 1118 4553 nota
1135 4448 1169 4553 ol.
1185 4497 1310 4566 Apollod.

168 4573 219 4638 ,1,
238 4573 262 4624 4.
290 4569 380 4639 ibique
398 4568 483 4638 Heyn.
501 4584 527 4636 p.
548 4570 602 4620 105.
638 4565 736 4635 Hygia.
755 4565 773 4620 l.
796 4569 852 4621 168,
882 4568 910 4620 et
936 4569 992 4619 170.
1021 4565 1108 4621 Sehol.
1127 4567 1161 4621 ad
1179 4566 1258 4619 Hom.
1276 4565 1309 4619 ΙΙ.

137 4636 160 4704 l,
178 4640 220 4692 42.
237 4637 273 4691 ad
290 4637 353 4692 llur.
373 4637 439 4692 Hae.
458 4639 514 4690 837.
533 4636 562 4689 et
579 4633 666 4689 Orest.
686 4637 745 4689 859.
780 4632 856 4688 ovid.
873 4633 936 4689 Her.
953 4633 1026 4688 XIV.
1042 4633 1089 4689 alii
1117 4637 1146 4690 et
1163 4633 1311 4689 Hermanni
