2872 5070
457 238 687 306 AENEIDOS
709 238 793 309 LIB.
813 234 886 306 VII.
1215 246 1254 308 33

83 404 146 469 Dis
173 401 282 468 sedem
305 407 458 490 exiguam
478 408 596 492 patriis
617 407 756 495 litusque
777 430 932 493 rogamus

83 486 266 552 Innocuum
288 498 319 552 et
341 489 464 553 cunctis
485 489 671 578 undamque
690 512 868 577 auramque
889 499 1063 577 patentem.
1204 502 1255 556 299

83 571 159 635 Nou
182 571 301 635 erimus
320 594 420 657 regno
440 572 609 638 indecores
632 596 692 638 uec
715 582 826 640 vestra
846 574 967 639 feretur

83 654 191 719 Fama
212 651 292 717 levis
315 658 461 742 tantique
483 655 647 721 abolescet
667 659 775 742 gratia
797 657 875 722 facti

84 737 153 802 Nec
176 735 311 801 Troiam
330 737 494 803 Ausonios
538 741 639 803 remio
661 741 832 827 excepisse
853 739 989 827 pigebit.

84 820 170 884 Fata
192 840 251 919 per
273 821 404 885 Aeneae
425 822 496 886 iuro
515 761 732 907 dextramque
754 831 928 909 potentem,

85 902 164 967 Sive
187 902 251 966 lide
274 925 331 968 seu
353 907 424 991 quis
446 903 532 970 bello
553 916 602 969 est
623 916 778 990 expertus
800 917 832 971 et
853 908 968 981 armis3
1206 918 1255 969 235

84 985 180 1049 Multi
202 1008 261 1051 nos
283 987 406 1072 populi,
428 987 548 1053 multae
571 1025 608 1037 -—
626 998 803 1071 notemus,
826 988 912 1074 quod
934 988 1018 1054 ultro

87 1191 296 1205 ——q-

85 1339 193 1408 pestate
222 1335 346 1391 contulit.
373 1367 404 1375 -
430 1353 493 1406 per
522 1353 674 1407 aequora
701 1337 803 1404 vecti,
835 1340 866 1392 ut
893 1339 916 1402 Ι,
947 1341 1004 1393 316.
1035 1371 1066 1379 -
1096 1337 1162 1402 229.
1193 1341 1258 1394 Dis

81 1405 228 1477 patriis,
259 1421 324 1474 quos
341 1403 445 1458 Aeneas
474 1419 563 1458 secum
594 1407 687 1473 portat
705 1405 768 1471 (vid.
788 1404 823 1459 od
840 1406 863 1470 1,
885 1409 925 1460 68.
943 1408 971 1459 et
987 1407 1038 1473 III,
1059 1410 1110 1475 12.)
1140 1423 1258 1476 quosque

86 1473 227 1543 aptissime
266 1472 334 1526 rimo
361 1470 419 1525 loco
448 1475 647 1536 commemorat,
679 1476 712 1526 ιιι
729 1472 889 1526 Latinorum
914 1474 1017 1526 animos
1035 1490 1065 1528 eo
1083 1476 1181 1529 certius
1201 1492 1258 1528 mo·

87 1542 158 1595 vest.
193 1539 234 1595 Cf.
323 1543 389 1608 ,11,
407 1569 437 1577 -
457 1536 520 1600 230.
553 1540 639 1594 titus
670 1541 853 1595 innocuum.
890 1539 1045 1594 Proximum
1067 1541 1257 1604 videturesse,

11 1675 15 1682 1
86 1616 119 1663 nt
133 1607 317 1688 intelligamus
334 1607 421 1668 nobis,
441 1606 517 1674 litus,
536 1607 612 1686 cuius
629 1607 730 1662 incolae
747 1608 824 1664 nobis
841 1623 894 1661 uon
912 1611 1017 1687 nocent,
1041 1610 1069 1662 in
1087 1625 1140 1678 quo
1157 1611 1212 1663 tuti
1231 1613 1259 1663 et

86 1691 281 1799 uersu
298 1690 450 1821 ceruus
476 1675 702 1822 ,ιιιιιιιι
727 1674 1258 1812 ιιιιιιιιῖιιιιιιιιιι

87 1810 195 1875 damno,
224 1809 349 1864 molestia
378 1811 406 1863 et
431 1810 550 1879 peuculo
579 1810 774 1889 possideamus.
810 1810 936 1865 Ceterum
970 1810 1040 1865 hsnc
1057 1827 1148 1866 vocem
1166 1814 1258 1880 (quain

105 1878 195 1933 assito
223 1893 303 1932 seusu
320 1878 481 1946 usurpatam
499 1877 647 1933 ridebimus
665 1879 738 1933 infra
757 1878 790 1942 X,
810 1881 879 1945 391.)
897 1896 930 1932 ns
949 1895 982 1931 ue
999 1878 1033 1932 ad
1050 1878 1133 1932 Plinii
1151 1880 1258 1933 maioris

86 1896 212 2014 lempora
229 1945 299 2066 apud
319 1945 389 1998 solos
407 1947 500 2024 poetas
517 1945 638 2007 inveniri,
657 1946 735 2034 docet
752 1946 919 2000 Doederlein.
932 1895 1000 2067 ίὲίιιι.
1018 1946 1056 2000 II.
1075 1962 1101 2025 p.
1123 1951 1182 2025 tto.
1210 1946 1261 2000 Ce-
1317 1963 1321 1971 ’

88 2012 953 2151 tuen-turstenu-tttssssn.
970 2017 1261 2161 lfilltdlltltilltt

85 2149 271 2217 undamque
289 2156 660 2217 auramqucpatentcnc
712 2165 810 2216 aguero
840 2148 1002 2202 adumbrate
1019 2149 1143 2202 ridentur
1161 2149 1261 2203 adno-

85 2215 222 2270 tissimum
253 2214 335 2270 illud:
366 2234 441 2285 aqua
470 2222 551 2284 atque
579 2217 639 2283 ipnc'
665 2217 834 2270 interdicere.
869 2215 922 2270 Pro
941 2234 1039 2269 aaran
1055 2215 1202 2270 secundum
1219 2232 1259 2280 ea,

87 2299 156 2354 quae
173 2282 208 2338 ad
224 2283 247 2350 I,
259 2287 316 2340 546.
336 2283 467 2337 adnotata
484 2285 557 2348 suut,
576 2283 772 2352 exspectaveris
789 2301 890 2352 curm
908 2283 1046 2352 Singulari
1063 2286 1155 2338 autem
1174 2283 1262 2338 utitur

86 2353 169 2420 poeta
184 2353 296 2419 propter
313 2349 449 2405 adiectum
467 2366 523 2405 voc.
545 2353 665 2420 ιιικιαιης
692 2351 720 2404 in
738 2351 869 2405 eiusmodi
887 2351 958 2404 euim
976 2352 1118 2406 verbomm
1134 2350 1262 2405 iunctura

85 2419 189 2488 pariter
213 2417 361 2472 terminate
383 2418 475 2488 quaeri
492 2418 571 2473 docet
588 2419 685 2488 Wagn.
703 2420 752 2485 Qu.
770 2418 852 2488 Verg.
872 2417 920 2471 IX.
938 2435 964 2487 p.
982 2422 1041 2472 499.
1076 2416 1137 2471 Vid.
1155 2417 1260 2473 uduott.

86 2484 197 2541 susci.
216 2483 267 2547 III,
288 2490 343 2540 119.
363 2487 391 2540 et
409 2486 470 2541 Geo.
489 2485 512 2552 1,
535 2491 589 2540 157.
608 2517 640 2524 -
659 2484 722 2546 231.
752 2486 827 2540 Non
853 2485 974 2539 erimus
1001 2502 1035 2538 rc
1064 2502 1104 2538 no
1123 2485 1261 2540 indeco-

85 2570 150 2608 res.
184 2552 289 2607 Adiect.
319 2553 459 2607 indecoris
476 2553 577 2621 legItur
594 2553 676 2608 etism
693 2553 766 2607 infra
782 2553 830 2617 XI,
849 2556 909 2606 423.
929 2555 985 2607 815.
1070 2555 1136 2614 ,25.
1154 2557 1214 2608 679.
1233 2553 1262 2606 iu

86 2621 161 2675 Accii
189 2619 288 2690 fragm.
319 2636 363 2741 ap.
393 2620 510 2675 Nonium
540 2639 565 2691 p.
596 2624 655 2675 189.
685 2624 727 2676 99.
757 2621 831 2689 apud
861 2620 920 2674 Val.
951 2620 993 2674 Pl.
1021 2621 1044 2687 1,
1074 2623 1132 2673 810.
1165 2620 1261 2675 Claud.

85 2687 189 2752 XXIII,
213 2692 268 2743 145.
286 2690 314 2741 et
353 2704 392 2744 uc.
405 2691 469 2758 Agr.
491 2691 538 2753 16,
558 2689 605 2743 ubi
622 2689 724 2743 Hertel.
743 2689 815 2742 recte
834 2686 976 2742 defendere
995 2687 1102 2741 videtur
1119 2687 1261 2742 lectionem

86 2755 227 2811 indecoris
245 2756 355 2822 (nomin.
374 2755 458 2810 Casu:
489 2755 542 2811 vid.
566 2756 647 2811 etiam
666 2754 831 2811 Boetticheri
848 2755 912 2810 Lex.
931 2755 992 2809 Tac.
1011 2773 1036 2824 p.
1056 2758 1136 2822 252),
1187 2772 1263 2810 uam·

87 2839 171 2894 quam
190 2821 274 2877 Prisc.
293 2822 340 2887 vi,
354 2829 378 2887 9,
398 2828 440 2878 41.
460 2840 489 2892 p.
507 2826 564 2878 999.
584 2823 615 2878 P.
634 2822 836 2878 Nominatirum
856 2823 971 2877 indecor
989 2822 1189 2943 agnosciquCe·
1203 2840 1264 2902 rum

86 2889 491 3038 introducetis:
508 2894 607 3012 ts}
623 2891 1264 3037 iibitfls‘lsfffftttsilit.soilli?

85 3026 186 3095 fregm.
206 3026 270 3080 Vat.
288 3025 388 3095 aliique
407 3025 501 3093 codd„
530 3024 601 3095 quod
623 3041 684 3080 oum
702 3024 826 3083 omuibus
846 3024 1041 3079 recentioribus
1059 3022 1138 3078 editt.
1156 3027 1265 3092 praeter

86 3095 222 3163 Bryceum
241 3094 388 3163 recepimus
407 3111 455 3163 pro
473 3110 530 3148 voc.
551 3094 659 3148 tantive.
698 3092 856 3160 „Tectoque
878 3093 900 3145 si
921 3091 1010 3154 malis,
1029 3091 1157 3145 subiectis
1175 3092 1264 3146 verbis

87 3159 300 3230 significabitur,
335 3161 465 3216 Troianos
513 3160 664 3214 otissimum
694 3159 868 3237 consulturos
894 3174 951 3213 esse
981 3159 1069 3212 famae
1096 3158 1264 3221 Latinorum,

108 3229 137 3282 ui
176 3245 190 3282 e
217 3231 346 3299 perpetuo
377 3228 456 3283 istius
488 3179 555 3283 listi
581 3244 711 3282 memores
734 3226 868 3280 futurosf·
903 3225 977 3278 Haeo
999 3224 1094 3293 Wopn.
1114 3224 1164 3289 Qu.
1183 3225 1264 3292 Verg.

87 3245 256 3359 fflffl.
274 3314 445 3350 -nonn
463 3298 636 3352 abolescet
652 3296 766 3364 pratici
784 3293 882 3357 facti.
918 3292 1025 3359 cuir,
1043 3295 1101 3346 539.
1134 3292 1174 3345 Ει
1203 3295 1266 3347 bene

89 3366 171 3435 apud
197 3380 329 3419 meceres
354 3365 453 3419 veterib
483 3371 537 3418 ctat
564 3363 658 3443 pratia
689 3363 771 3428 sacti.
790 3392 823 3401 -
841 3359 933 3414 Subit.
951 3361 1065 3425 fuctum,
1088 3360 1160 3429 apud
1178 3360 1266 3414 Comi-

90 3448 138 3487 cus
166 3447 221 3485 nou
250 3431 421 3494 inusitatum,
453 3431 482 3485 iu
511 3432 624 3486 cultiore
657 3429 733 3499 poesi
761 3427 928 3483 rarissimum
956 3444 1014 3483 esse
1044 3443 1106 3481 vere
1135 3429 1267 3482 memorat

89 3497 201 3556 Iisehm.
233 3499 268 3554 sd
287 3499 366 3556 Lucr.
383 3499 406 3564 1,
425 3503 482 3553 942.
502 3517 528 3568 p.
548 3502 599 3561 61,
623 3500 768 3619 propterea
785 3495 803 3549 l.
821 3496 840 3549 l.
870 3495 923 3550 toti
945 3501 1024 3576 tacto
1043 3497 1152 3574 mutuus
1169 3496 1197 3549 in
1216 3495 1270 3549 toti

85 3573 185 3639 pacto.
219 3567 346 3622 Ceterum
368 3567 412 3621 hie
429 3567 505 3621 locus
523 3567 551 3619 iu
568 3567 651 3622 Ant.
694 3564 771 3631 etl,
793 3566 849 3630 112,
870 3565 1149 3632 150.sicrepetitur:
1181 3579 1267 3631 nequo

90 3635 163 3717 enim
180 3634 243 3704 ipsa
262 3634 477 3715 feceturUFamq
494 3634 563 3689 leuis
582 3634 684 3688 tantive
700 3631 819 3686 abolebit
836 3631 929 3699 pratia
946 3632 1027 3718 [acti.
1046 3660 1079 3668 -
1096 3627 1165 3710 233..
1186 3628 1267 3709 Pro·

89 3720 173 3826 ui
192 3702 411 3837 i
517 3700 757 3824 nen-ius
773 3698 1051 3846 ratenus

92 3839 183 3893 locum
202 3837 255 3890 iam
275 3838 440 3893 contulimus
460 3854 520 3892 cum
538 3838 604 3891 Aen.
615 3836 638 3904 1,
657 3839 700 3889 68.
720 3835 805 3889 Ilium
821 3853 851 3886 cn
885 3834 1114 3903 toltum-portans
1131 3840 1269 3912 coctosque

92 3905 219 3959 Penates.
238 3937 270 3945 ·-
288 3906 461 3976 occipere,
490 3906 633 3974 δέχεσθαι,
663 3918 713 3957 vox
744 3900 853 3972 propria
881 3899 914 3980 de
934 3901 986 3980 hac
1001 3916 1156 3979 repquare
1186 3902 1270 3956 etiam

92 3974 130 4028 no
171 3973 214 4026 '¹0
235 3972 530 4043 compercetsImiliu.
549 3969 734 4042 -pc'pedit
754 3970 816 4038 iq.
836 3969 993 4037 poenitebit.
1028 3967 1089 4021 Vid.
1108 3967 1143 4021 ad
1159 3968 1192 4030 V,
1212 3970 1269 4020 679.

92 4073 128 4082 -
165 4038 210 4100 34.
239 4040 330 4095 Fata
346 4040 657 4111 perdeneueiuro.
694 4037 735 4091 Cf.
753 4036 834 4104 Prop.
854 4034 886 4112 ll,
907 4035 976 4103 (IV.)
993 4040 1018 4096 7,
1037 4039 1087 4097 51..
1105 4035 1152 4088 ubi
1168 4034 1272 4113 pariter

95 4108 149 4163 lati
168 4107 299 4162 certitudo
318 4108 345 4161 in
364 4109 548 4163 testimonium
565 4105 710 4161 adhibetur
726 4103 770 4158 his
788 4103 890 4157 verbis:
908 4103 979 4156 Iuro
998 4119 1046 4170 epo
1064 4103 1189 4180 fotorurn
1200 4100 1271 4154 nuuc

93 4175 247 4230 revolubile
274 4192 383 4230 cumen
411 4176 457 4242 (al.
487 4175 600 4239 stacten)
625 4178 675 4228 etc.
713 4170 865 4239 Conington
892 4172 1030 4239 comparat
1059 4170 1193 4223 Ciceronis
1225 4166 1271 4230 (ad

94 4245 157 4299 Att.
176 4243 208 4310 V,
230 4247 268 4307 11,
293 4247 316 4297 1.
334 4245 399 4310 etc.)
429 4242 616 4297 iusiurandum
645 4241 701 4294 Per
724 4244 866 4308 fortunas.
886 4255 991 4308 —per
1018 4239 1174 4290 dostram.
1209 4234 1271 4288 Vid.

94 4311 132 4366 sd
149 4309 197 4372 lv,
217 4314 275 4364 311.
310 4310 425 4366 Sensum
454 4309 506 4365 loci
522 4309 642 4364 Dietseh.
661 4308 752 4362 Theol.
773 4305 853 4375 Vorg.
870 4323 897 4374 p.
918 4310 958 4362 31.
987 4306 1059 4358 recte
1088 4303 1126 4358 sic
1151 4302 1270 4370 exponit:

96 4420 115 4448 „
136 4394 199 4431 uam
229 4380 303 4432 certe
324 4382 389 4434 suut
406 4379 512 4433 Aeneae
529 4377 597 4441 fatu,
630 4392 709 4445 quam
720 4377 824 4494 {mim
844 4373 900 4427 eius
918 4375 960 4427 est
979 4372 1222 4489 dextraquamqua
1240 4384 1273 4422 ea

96 4465 110 4502 s
141 4461 175 4499 va
192 4462 250 4500 esse
269 4448 355 4516 cupio,
372 4449 429 4500 tam
448 4461 511 4499 vera
529 4448 601 4510 suut,
621 4460 688 4514 quae
706 4444 729 4495 ti
747 4459 757 4495 i
774 4441 862 4495 dico.“
880 4471 912 4478 —
931 4438 1178 4518 &lummene
1218 4437 1272 4490 loe·

96 4515 164 4568 deta
183 4515 298 4583 spectat,
318 4516 345 4568 in
363 4515 461 4585 quibus
481 4512 620 4569 servandis
638 4514 666 4567 et
685 4507 860 4578 exsequendis
878 4510 1030 4564 consuitis
1047 4509 1079 4585 et·
1096 4509 1206 4558 strenuo
1218 4504 1273 4583 for-

96 4582 122 4636 ti
140 4597 175 4635 ue
203 4582 293 4636 auimo
323 4599 355 4637 ao
379 4597 461 4636 manu
485 4597 551 4650 opus
568 4583 619 4635 est.
654 4576 746 4634 Simile
765 4577 862 4631 saltem
880 4579 930 4637 est,
962 4573 1032 4643 quod
1049 4574 1140 4627 Cicero
1160 4571 1195 4625 ad
1213 4572 1271 4626 Drv.

95 4597 161 4717 Vll,
181 4654 205 4714 5,
225 4649 287 4719 [ti]
304 4669 413 4706 manum
430 4657 503 4704 tuum
520 4647 600 4701 isam
618 4654 642 4700 ct
659 4644 778 4699 victoria
794 4651 819 4698 ct
835 4645 890 4710 fide
904 4647 1088 4713 praestantem
1104 4640 1172 4695 dixit
1184 4640 1273 4710 [quem

158 4743 275 4783 mair..
294 4744 366 4786 rnna
386 4743 433 4786 111.
454 4744 499 4783 uu.
521 4741 561 4782 ιιι.
1048 4728 1064 4779 9
