2872 5070
469 243 475 253 ‘
514 230 745 297 AENEIDOS
766 230 849 298 LIB.
869 231 910 296 X.
1241 237 1299 300 351

80 459 84 473 ,
131 396 174 459 Et
197 396 287 459 dedit
306 418 377 459 esse
401 396 479 463 deas
503 419 682 482 aevumque
704 398 831 482 agitare
853 396 914 460 sub
937 397 1042 463 undis.
1252 411 1301 460 2³5

131 480 175 544 At
197 501 278 565 puer
296 480 457 544 Ascanius
480 503 572 546 muro
594 480 755 567 fossisque
776 489 902 544 tenetur

131 562 213 626 Tela
235 565 319 626 inter
341 561 451 627 inedia
474 574 571 651 atque
591 563 753 628 horrentis
772 562 879 627 Marte
900 563 1044 630 Latinos.

130 647 198 709 Iam
221 646 293 710 loca
312 648 402 710 iussa
422 655 510 711 tenet
530 647 606 713 forti
629 647 809 733 permixtus
828 645 969 711 Etrusco

130 729 236 791 Arcas
261 750 378 812 eques3
402 728 528 795 medias
549 729 615 794 illis
637 751 803 816 opponere
824 737 958 810 turmas,

130 811 179 874 Ne
202 815 317 875 castris
340 814 395 875 iun
420 821 485 894 ant,
508 823 598 877 certa
620 825 670 876 est
690 812 849 876 sententia
871 811 993 878 Turno.

131 894 237 978 Surge
259 916 320 978 age
343 904 374 957 et
426 918 524 959 urora
545 896 651 959 socios
673 895 823 958 veniente
844 897 956 959 vocari

129 977 260 1040 Primus
282 981 315 1041 in
338 1000 430 1041 arma
452 977 528 1042 iube
550 985 583 1041 et
604 975 744 1064 clipeum
767 998 858 1062 cape,
881 1000 975 1064 quein
998 977 1088 1042 dedit
1110 978 1181 1063 ipse

129 1059 290 1123 Invictum
310 1059 502 1146 Ignipotens
524 1070 623 1147 atque
644 1082 719 1124 oras
742 1058 857 1123 ambiit
878 1082 967 1126 auro.

134 1264 343 1273 ——--———...—

127 1393 224 1472 faciem
241 1394 270 1473 in
287 1394 355 1447 banc
369 1394 501 1473 ,mutavit
524 1393 624 1473 'Verba
641 1395 720 1462 enim,
738 1393 834 1484 quibus
851 1407 883 1447 re
898 1421 910 1434 ·
924 1395 1103 1515 -pracfirum,
1122 1410 1198 1449 omne
1215 1411 1300 1464 genus

127 1465 288 1514 inutatioms
305 1465 333 1515 et
351 1461 546 1516 vicissitudinis
575 1463 704 1516 indicant.
741 1463 783 1518 cf.
800 1462 938 1516 adnott.a
975 1462 1038 1517 Geo.
1057 1463 1099 1523 ΙΙ,
1123 1466 1163 1516 23.
1184 1494 1214 1502 -
1234 1460 1299 1524 235.

126 1530 221 1581 dedit
238 1546 308 1583 esse
325 1533 413 1583 deas.
449 1529 508 1583 Vid.
526 1529 561 1583 ad
579 1531 601 1592 Ι,
620 1534 662 1584 66.
683 1535 722 1584 79.
742 1533 799 1584 319.
817 1529 869 1588 ΠΙ,
889 1534 929 1582 77.
948 1529 983 1584 al.
1001 1559 1034 1569 —
1048 1534 1105 1584 237.
1124 1532 1300 1584 horrentes

126 1597 239 1650 Μανία
257 1598 401 1650 Latinos
418 1597 517 1665 Heyu,
548 1598 593 1718 qui
612 1599 699 1651 multa
716 1612 912 1665 supervacanea
938 1597 1049 1658 adiecit,
1082 1599 1153 1651 recte
1171 1598 1298 1666 explicat:

128 1663 278 1727 „babentes
296 1681 373 1718 arma
389 1664 537 1726 horrentia,
576 1668 650 1718 astas
667 1666 775 1719 crebras
788 1667 898 1729 erectas,
918 1664 981 1718 dum
997 1667 1073 1718 stant
1090 1665 1117 1718 iii
1136 1666 1193 1719 acie
1210 1666 1300 1719 densis

127 1730 266 1784 ordinibus
283 1736 312 1785 et
329 1748 365 1800 pii
404 1735 480 1799 aut“,
500 1732 559 1788 coll.
577 1733 697 1786 Enniano
716 1733 761 1785 illo
781 1737 817 1800 (p.
839 1737 894 1785 ios.
913 1732 1009 1786 Hessel
1027 1750 1047 1786 s.
1061 1734 1130 1787 Anu.
1142 1732 1213 1788 XIV.
1226 1734 1260 1786 fr.
1276 1737 1300 1787 7.

126 1814 151 1866 p.
172 1802 212 1852 58.
231 1800 322 1864 Vahl.)
364 1802 366 1805 ’
389 1801 504 1853 orresctt
532 1801 594 1852 tetis
620 1801 751 1854 morinis
778 1817 860 1867 asper
886 1801 1022 1868 iitrinqoe.
1057 1800 1097 1854 ef.
1118 1801 1200 1854 etiam
1219 1815 1300 1868 supra

128 1865 163 1918 ad
181 1883 205 1919 v.
224 1870 280 1921 178.
299 1870 327 1921 et
345 1867 416 1920 infra
433 1868 468 1921 ad
486 1869 533 1929 Xl,
553 1871 611 1923 602.
633 1868 738 1921 adnott.
755 1868 872 1935 itemque
890 1868 984 1935 Wagn.
1002 1867 1031 1920 iii
1047 1867 1145 1922 Philol.
1164 1867 1258 1936 Suppl.
1278 1868 1300 1921 1.

127 1950 155 2002 p.
174 1938 231 1988 357.
249 1938 329 1998 recte,
347 1938 422 2054 puto,
442 1936 510 1989 hane
530 1934 615 2001 Med,
645 1936 719 1989 Rom.
755 1934 869 1988 aliorum
887 1934 970 1988 Codd.
989 1934 1132 1988 lectionem
1154 1934 1301 1988 defendens

128 2005 233 2067 (contra
249 2002 349 2056 Ribbec
368 2042 383 2064 .,
403 2003 449 2071 qni
467 2003 549 2057 etiam
567 2002 601 2057 of.
619 2003 646 2056 in
666 2003 770 2071 Proleg.
793 2019 819 2070 p.
839 2007 905 2065 310,
927 2002 1043 2070 Haupt,
1067 2002 1174 2056 Laden.
1205 2005 1233 2056 et
1249 2003 1301 2056 Be·

128 2069 217 2127 noist..
238 2070 328 2124 ePal.
347 2073 375 2122 et
394 2071 462 2124 Guil.
482 2087 498 2124 a
516 2064 610 2138 m'pr.
631 2070 788 2139 recipientes
815 2071 950 2133 ardentis,
979 2070 1050 2149 quod
1081 2070 1299 2126 iam-Schrader.

129 2138 297 2202 coniecerat.)
321 2138 472 2204 Conington
491 2139 628 2191 nobiscum
646 2139 761 2192 servavit
781 2137 920 2216 vulgarem
937 2138 1088 2192 lectionem.
1124 2138 1210 2191 Ruhli.
1229 2154 1300 2191 coin·

127 2207 207 2271 parat
225 2205 319 2259 Graec.
338 2213 479 2274 qptncrw,
498 2206 555 2260 coll.
579 2206 660 2273 Toup.
680 2205 808 2259 Emeudd.
830 2221 858 2257 in
875 2204 948 2258 Suid.
966 2208 992 2271 p.
1014 2209 1069 2259 168.
1094 2206 1135 2272 (P.
1157 2210 1179 2258 1.
1198 2222 1222 2273 p.
1244 2210 1299 2259 iio.

127 2272 168 2326 ed.
189 2271 281 2341 lips).
302 2305 334 2312 -
351 2272 417 2332 238.
437 2290 468 2341 sq
489 2317 494 2327 .
529 2274 600 2326 Dum
618 2273 721 2326 Aeneas
744 2290 758 2326 e
787 2274 866 2339 portu
885 2273 1034 2326 Caeretano
1059 2273 1145 2325 classo
1163 2274 1301 2340 proiectus

128 2339 227 2392 auxilia
244 2340 419 2394 Etruscorum
437 2289 573 2408 pedestria
590 2339 714 2418 adducit,
745 2341 848 2409 equites
867 2339 984 2417 arcados
1003 2341 1047 2400 (cf.
1067 2339 1142 2400 VIII,
1159 2344 1208 2392 518
1229 2343 1298 2408 sqq.)

127 2411 156 2459 et
172 2406 278 2460 Etrusci
297 2408 422 2462 Pallante
441 2407 508 2462 duce
528 2409 651 2462 terrestri
668 2408 765 2460 itinero
783 2407 924 2476 praemissi
952 2409 980 2459 et
1003 2407 1118 2460 fortasse
1138 2406 1172 2459 ad
1189 2407 1299 2460 Pallan-

126 2476 201 2527 teum
219 2475 334 2529 Tiberim
355 2475 517 2543 transgressi
526 2479 616 2595 {quae
639 2475 730 2527 oniuia
754 2476 879 2528 accurate
896 2489 1007 2527 narrare
1025 2476 1120 2540 poetae
1138 2489 1190 2526 uon
1208 2490 1299 2528 neces·

126 2542 227 2594 sarium
244 2542 398 2607 videbatur)
417 2545 507 2596 castra
549 2543 640 2596 roiano
669 2558 761 2595 versus
785 2540 981 2595 contenderant
999 2544 1026 2594 et
1050 2540 1121 2604 loco,
1152 2557 1203 2608 quo
1233 2541 1299 2595 iussi

126 2612 212 2676 erant,
232 2610 257 2664 b.
276 2626 298 2665 e.
319 2610 510 2678 proculdubio
528 2610 570 2662 illi
589 2608 684 2675 vicino,
716 2610 764 2662 ubi
779 2610 884 2663 Aeneas
912 2624 1071 2663 escensurus
1093 2610 1164 2671 erat,
1187 2608 1299 2678 ideoque

125 2675 198 2729 haud
216 2677 309 2746 procul
333 2679 368 2732 ab
393 2678 462 2733 ostio
480 2677 592 2741 Tiberis,
624 2676 810 2732 constiterant.
845 2676 904 2729 lain
932 2692 966 2730 ue
993 2676 1052 2745 ipsa
1081 2680 1171 2730 castra
1197 2675 1299 2730 intrare

125 2745 239 2863 possint,
258 2745 364 2799 Tunius
382 2746 488 2800 obiecta
505 2745 643 2814 copiarum
671 2749 748 2813 parte
775 2759 867 2797 cavere
894 2744 994 2798 studet.
1029 2744 1081 2810 Qui
1109 2745 1179 2798 enirn
1198 2760 1215 2797 a
1234 2743 1299 2797 Pal-

135 2814 215 2865 anteo
227 2813 398 2877 accedebant,
418 2816 449 2866 ut
461 2813 569 2866 Troiam
580 2812 757 2881 pervenirent,
775 2811 936 2866 Rutulorum
950 2813 1040 2865 castra
1055 2812 1202 2881 praeterire
1212 2811 1299 2866 coacti

125 2883 209 2933 erant.
244 2880 355 2933 Peerllc.
373 2881 444 2935 iufra
473 2881 508 2934 ad
527 2897 552 2934 v.
570 2884 627 2934 371.
645 2879 679 2932 do
708 2880 757 2934 hoc
779 2879 913 2933 Arcadum
943 2878 1060 2933 adventu
1092 2881 1130 2932 sic
1159 2878 1298 2958 disputare

125 2948 226 3015 pergit:
262 2948 324 3012 „Sic
340 2948 458 3002 Arcades
477 2965 505 3002 se
522 2965 582 3002 cuin
600 2948 692 3002 Aenea
709 2947 869 3015 coniungere
886 2948 1019 3015 poterant.
1054 2947 1143 3013 Igitur
1160 2947 1297 3000 sinistram

125 3018 276 3069 castrorum
292 3018 397 3083 partein
413 3016 489 3085 equis
503 3015 680 3084 praetervecti
696 3018 768 3076 sunt,
788 3020 815 3069 et
827 3014 970 3068 adventum
985 3015 1090 3068 Aeneae
1102 3015 1296 3082 exspectavere.

123 3081 199 3135 liare
211 3082 377 3150 Tyrrhenum
396 3101 414 3138 a
427 3084 503 3137 laesa
516 3084 661 3145 habebant,
678 3083 832 3136 Numicium
848 3082 935 3150 magis
946 3097 963 3134 a
974 3085 1058 3149 tergo.
1094 3081 1200 3134 Turnus
1214 3081 1296 3134 aciem

125 3150 249 3217 opposuit
265 3152 379 3215 Aeneae,
413 3151 477 3205 dnm
506 3151 597 3204 Latini
626 3150 744 3204 Arcades
776 3149 918 3229 repellunt.
954 3149 1101 3217 Postquam
1130 3148 1167 3201 ali
1186 3147 1297 3201 uamdiu

124 3220 275 3284 pugnaturn
295 3222 360 3283 erat,
380 3219 498 3272 Arcades
516 3236 545 3273 se
572 3234 632 3272 cuin
650 3219 740 3271 Aenea
757 3218 923 3271 coniunxisse
945 3216 1077 3270 videntur.
1113 3215 1180 3270 Proe
1194 3216 1247 3267 'um
1265 3215 1297 3268 fit

124 3299 271 3342 commune.
307 3287 413 3340 Turnus
440 3303 492 3339 uon
511 3285 627 3354 amplius
658 3288 753 3338 eontra
780 3286 866 3338 solum
883 3285 1001 3338 Aeneam
1030 3285 1094 3337 stat.
1130 3283 1297 3351 Aggreditur

123 3351 285 3406 Pallantem.
320 3354 461 3418 Halaesus,
491 3355 536 3423 qui
553 3354 670 3423 primum
699 3356 793 3407 contra
808 3355 927 3407 Aeneam
946 3356 974 3406 et
992 3351 1141 3420 Tyrrhenos
1161 3367 1215 3404 reru
1235 3365 1296 3419 ges·

123 3422 206 3484 serat,
225 3423 396 3476 nuncetiam
415 3426 509 3476 contra
526 3421 643 3475 Arcades
662 3421 761 3500 gerit.“
796 3420 941 3475 Ribbeokio
970 3419 1107 3473 bacciam
1125 3435 1206 3488 snpra
1225 3434 1297 3472 coni-

123 3489 296 3543 memorauda
317 3489 412 3552 videri,
443 3490 522 3545 adr.
543 3494 598 3543 154.
617 3488 741 3544 vidimus.
760 3490 889 3542 -loca
917 3488 1021 3549 iussn,
1046 3502 1113 3556 quae
1130 3487 1234 3541 Aeneas
1251 3502 1295 3540 eos

123 3557 216 3609 tenore
234 3556 359 3612 iusserat.
380 3557 548 3626 *Conington
580 3556 685 3610 confert
702 3555 765 3610 Geo.
787 3555 834 3622 IV,
853 3558 895 3610 61,
937 3555 1026 3608 iussos
1042 3559 1166 3624 sopores)
1184 3557 1213 3608 et
1230 3555 1295 3608 Aen.

122 3621 175 3689 111,
193 3627 248 3678 547.
268 3626 367 3691 (ircosus
392 3626 527 3692 bonores).
556 3655 590 3664 -
616 3631 713 3677 tenet.
749 3623 792 3676 Sic
810 3638 900 3677 ornnes
957 3622 1002 3693 dd.
1047 3625 1134 3676 taeter
1152 3620 1236 3682 Men,
1265 3637 1296 3675 ex

123 3691 295 3770 quo'lleins,
313 3693 428 3762 Peerlk,
446 3693 532 3761 Bryce
549 3693 578 3746 et
593 3690 719 3747 Ribbeck.
733 3693 801 3810 {quo
822 3692 892 3744 teste
921 3691 1004 3744 etiam
1027 3639 1128 3758 1iragm.
1148 3690 1208 3770 lter.
1226 3690 1296 3743 hauc

123 3756 264 3813 lectionem
282 3761 404 3816 exhibere
422 3761 539 3825 ridetur)
558 3759 716 3827 receperunt
767 3757 869 3812 uralem
886 3765 980 3811 teriam.
998 3757 1103 3826 Wagn,
1131 3774 1177 3826 qui
1208 3758 1295 3818 docet,

124 3827 183 3877 tuin
202 3828 283 3880 rerba
301 3837 388 3882 tenerit
403 3831 494 3882 Arcas
524 3844 603 3896 eques
619 3827 739 3879 Benaco
754 3827 906 3895 paracietus
934 3841 992 3879 esse
1009 3825 1026 3878 i.
1046 3842 1072 3894 q.
1101 3832 1189 3878 tenent
1206 3827 1298 3879 Arcus

123 3909 138 3944 c
220 3912 288 3947 eum
305 3897 433 3959 Etrusco,
450 3896 501 3950 hoo
519 3894 646 3964 loquendi
664 3909 750 3962 genus
766 3909 783 3946 a
800 3892 920 3962 Vergilio
937 3893 1055 3947 alienum
1073 3908 1131 3948 esse
1149 3891 1295 3946 contendit.

158 3962 264 4015 ‚etiarn
284 3964 388 4042 adnott.
407 3963 441 4016 ad
459 3964 481 4026 I,
500 3966 557 4017 292.
593 3963 675 4016 Recte
705 3961 791 4030 igitur
818 3960 877 4040 iam·
890 3960 965 4040 laliu.
996 3961 1137 4040 vulgatam
1166 3959 1294 4016 restituit.

123 4033 382 4166 uttlttttt
418 4035 606 4153 {tutta
623 4024 1296 4175 estititt⁰tttv¹tstttttttrittt

125 4179 185 4217 mus
204 4165 275 4219 intra
293 4183 316 4222 v.
336 4169 394 4219 364.
412 4196 444 4206 -
462 4166 592 4219 Medios
608 4164 680 4218 iutcr
696 4164 756 4218 loca
774 4163 821 4217 illa
837 4165 865 4217 et
882 4166 972 4217 castra
983 4163 1105 4217 Troiana.
1141 4161 1183 4216 of.
1201 4161 1223 4228 1,
1237 4164 1294 4214 682.

124 4229 338 4295 1140111.-
356 4231 422 4292 240.
440 4234 593 4313 turpant,
625 4233 682 4286 scil.
712 4246 748 4284 se.
783 4230 844 4285 Vid.
863 4230 898 4284 ad
927 4232 957 4294 Ι,
983 4234 1041 4284 234.
1070 4232 1098 4284 et
1125 4229 1161 4283 al.
1179 4259 1212 4269 -·
1228 4225 1294 4287 242.

123 4298 261 4352 Primus
278 4302 383 4371 Wagn,
422 4301 450 4355 ui
486 4317 543 4354 rius
560 4300 756 4368 interpretatus
784 4301 855 4353 erat:
876 4298 1026 4367 „protinus
1058 4314 1119 4351 cum
1135 4298 1227 4351 exorta
1243 4298 1295 4350 erit

122 4366 257 4435 Aurora“,
274 4369 333 4423 coll.
351 4370 381 4437 Q.
400 4317 432 4424 ii.
501 4367 576 4430 Vlll,
594 4373 619 4421 4.
638 4373 667 4422 et
683 4365 744 4432 VII,
765 4368 831 4430 iis..
848 4365 877 4419 iii
894 4365 958 4418 edit
976 4365 1114 4419 recentiss.
1134 4363 1234 4418 rectius
1252 4379 1295 4418 ex·

124 4433 232 4501 plicuit:
251 4438 315 4500 ,‚sie,
333 4438 365 4490 ut
384 4436 450 4490 nihil
470 4437 515 4501 sit,
535 4434 606 4503 quod
623 4435 697 4503 prius
751 4435 807 4487 as.“
840 4433 954 4486 Primos
981 4433 1053 4486 enirn
1076 4431 1119 4486 hic
1138 4431 1295 4501 simpliciter

31 4543 36 4550 ,
123 4503 141 4557 1.
160 4519 185 4572 q.
203 4502 286 4572 illico,
305 4505 409 4566 statim,
428 4503 472 4571 (of.
490 4502 594 4556 adnott.
612 4502 647 4555 ad
663 4503 730 4555 Aen.
763 4499 801 4570 ΙΙ,
818 4500 939 4566 118.il.).
976 4502 1079 4554 Aurora
1096 4498 1163 4552 nihil
1186 4499 1220 4553 ad
1238 4515 1294 4553 reni

124 4573 235 4625 confert.
253 4604 287 4612 —
304 4575 452 4644 clipeum
480 4586 569 4692 eope.
604 4568 672 4623 Vide
700 4567 771 4622 infra
788 4584 813 4622 r.
830 4572 877 4622 iot
896 4583 938 4647 sq.
966 4597 999 4607 -
1028 4564 1094 4626 243.
1112 4567 1293 4634 Invictum,

124 4639 171 4708 qui
190 4640 261 4694 rinei
277 4657 330 4694 non
348 4642 448 4711 potest.
482 4638 516 4692 Vi
538 4681 544 4694 .
563 4652 644 4708 supra
661 4635 696 4692 ad
707 4653 731 4692 r.
747 4639 803 4691 174.
838 4635 990 4704 Conington
1003 4649 1161 4703 comparans
1178 4635 1225 4703 IX,
1236 4638 1293 4691 323.
