2872 5070
536 271 651 338 OIRIS
673 293 704 335 v.
725 276 868 338 51-61.
1210 274 1270 337 665

102 436 269 503 Caeruleis
292 459 350 500 sua
372 444 458 500 tecta
480 436 763 523 supervolitaverit
781 437 852 518 alis,

101 522 196 583 Hanc
218 542 279 605 pro
300 541 462 604 purpureo
486 542 623 606 poenam
645 519 803 585 scelerata
825 543 863 584 ca
888 520 954 601 illo,

99 605 165 666 Pro
187 603 296 688 patria
318 601 445 666 solvens
468 605 578 667 excisa
600 612 633 667 et
652 603 797 668 funditus
820 542 910 669 uelle.

102 685 293 769 Complures
315 684 404 748 illam
423 695 454 749 et
473 687 593 770 magni,
614 685 778 766 Messalla,
801 695 917 772 poetae
938 722 978 732 —-

100 769 184 831 Nam
206 789 319 830 verum
340 768 514 831 fateamur:
537 778 625 831 amat
646 767 863 854 Polyhymnia
883 791 997 832 verum
1018 806 1059 814 -
1238 779 1270 829 55

100 851 172 913 Lon
199 871 215 912 e
238 848 302 912 alia
324 849 495 934 perhibent
516 859 672 914 mutatam
694 849 841 913 membra
861 851 967 947 figura

102 871 288 1017 Scyliaeum
310 941 453 996 monstro
476 955 592 996 saxum
614 933 767 996 infestare
786 955 916 1012 voracr3

101 1014 194 1078 illam
217 1037 288 1077 esse
310 1016 472 1078 aerumnis
495 1037 589 1101 quam
614 1037 711 1101 saepe
732 1015 878 1099 legamus
900 1015 991 1080 Ulixi

103 1097 252 1161 Candida
271 1098 467 1161 succinctam
489 1098 683 1162 latrantibus
704 1099 838 1182 inguina
859 1101 1012 1164 monstris

102 1180 271 1242 Dulichias
294 1202 432 1244 vexasse
453 1189 541 1245 rates
564 1189 595 1244 et
615 1181 745 1265 gurgite
766 1182 799 1244 in
822 1179 887 1245 alto

102 1263 291 1347 Deprensos
313 1273 430 1328 nautas
453 1262 587 1328 canibus
609 1262 770 1329 lacerasse
793 1264 938 1330 marinis.

101 1417 309 1426 ..---.-.---

104 1499 207 1551 sidera.
227 1527 260 1535 -
278 1495 323 1556 53.
355 1497 445 1566 Vulgo
467 1499 566 1567 legitur
583 1498 696 1567 Proque
711 1499 803 1568 patris
821 1499 929 1553 aoloeua
946 1497 1039 1552 exciso
1048 1499 1183 1566 fiauditus
1200 1498 1276 1551 urbe.

104 1566 193 1632 Sillig.
224 1567 315 1618 autem
334 1566 458 1619 restituit
475 1566 539 1618 Cod.
559 1565 676 1620 Helmst.
694 1566 837 1620 lectionem
853 1566 913 1620 Pro
927 1566 1021 1635 patrea
1036 1566 1151 1632 solvens,
1183 1565 1275 1618 meisa

104 1641 129 1685 et
147 1633 273 1700 fundetur
290 1634 364 1694 serbe,
393 1648 449 1687 voe.
474 1635 582 1687 tantum
600 1633 706 1686 Proin
724 1633 803 1687 Prot
822 1636 935 1688 mutata.
970 1633 1027 1686 Nos
1045 1631 1106 1686 deni
1126 1648 1159 1686 ue
1176 1631 1276 1709 recepi-

104 1717 164 1754 mus
181 1699 366 1753 telicissimam
384 1700 498 1768 Hauptii
516 1702 697 1755 coniecturam
715 1703 837 1768 (Quaest.
854 1700 954 1756 Catuli
977 1718 1003 1769 p.
1024 1702 1076 1767 76.)
1120 1718 1153 1753 ro
1167 1705 1275 1767 petria,

104 1767 1276 1903 siffisleuittresistitis&tritissimis·ditus

105 1919 132 1954 se
145 1901 279 1955 contundi.
309 1902 350 1956 cf.
364 1902 469 1959 adnott.
481 1903 516 1956 ad
540 1903 596 1957 Ecl.
610 1902 657 1964 VI,
680 1907 720 1956 74.
739 1932 773 1941 -
786 1902 831 1963 55.
844 1903 1075 1972 Polyhymnia.
1103 1903 1177 1956 Vett.
1196 1899 1275 1955 editt.

104 1971 260 2038 Polpmuz'a,
280 1969 350 2023 aliae
366 1970 538 2036 Polpmaeia,
560 1969 631 2039 quod
649 1969 733 2038 Heyn.
752 1969 861 2023 videtur
877 1969 1019 2038 praeferre.
1039 1969 1092 2023 Sed
1106 1968 1172 2023 Cod.
1192 1967 1276 2021 Rehd.

105 2037 255 2097 Polimuia,
266 2035 382 2091 Helmst.
393 2039 560 2092 Poliimnz'a.
574 2037 631 2092 sill.
644 2038 759 2092 conferri
768 2038 843 2091 iubet
850 2038 959 2091 Santon.
971 2037 999 2089 in
1009 2037 1102 2091 Beckii
1112 2036 1275 2089 Commeutt.

105 2106 163 2159 Soc.
174 2103 240 2173 plui.
249 2105 322 2172 Lips.
332 2104 368 2184 11,
380 2111 402 2158 t.
413 2121 438 2173 p.
453 2109 508 2160 192.
519 2109 548 2159 et
557 2103 680 2160 Schneid.
691 2104 740 2160 Gr.
751 2105 809 2159 Lat
821 2105 843 2171 I,
857 2109 880 2158 l.
918 2150 923 2159 .
934 2108 990 2160 192.
1006 2105 1083 2183 Pittz.
1097 2104 1115 2158 l.
1130 2103 1160 2163 1.,
1172 2103 1277 2172 nequis

105 2173 288 2225 huncversum
299 2187 347 2239 pro
360 2173 524 2241 interpolato
539 2176 587 2227 aut
618 2174 678 2225 oeta
688 2172 800 2241 Indigno
809 2122 918 2235 baboel,
928 2188 975 2226 eon
990 2172 1041 2226 erri
1050 2172 1127 2226 rubet
1136 2170 1191 2224 Eel.
1202 2171 1225 2232 I,
1235 2174 1277 2223 32.

105 2239 191 2292 Catal.
204 2238 252 2301 XI,
268 2242 306 2293 11.
323 2241 403 2308 atque
414 2240 546 2310 imprimis
559 2240 597 2293 Oa
639 2279 646 2293 .
659 2238 719 2302 VH,
733 2244 772 2295 12.
781 2269 815 2280 —-
826 2240 857 2293 V.
868 2238 914 2300 56.
928 2239 1014 2309 Sillig.
1028 2256 1043 2294 e
1060 2240 1128 2292 coni.
1139 2240 1277 2291 mutatum

107 2306 200 2371 edidit,
231 2323 292 2358 eum
322 2307 350 2359 iu
379 2306 451 2375 vulg.
482 2307 595 2360 lectione
618 2307 716 2374 Loupe
743 2309 804 2361 alia
829 2307 972 2387 perhibeat
1000 2314 1132 2359 mactatam
1158 2305 1278 2358 mandra

59 2389 64 2406 ’
99 2377 196 2441 sipara
213 2372 305 2426 Ablat.
335 2374 396 2427 aliu
424 2378 445 2438 t
480 2393 516 2427 ra
542 2375 587 2426 vix
607 2373 694 2442 possit
711 2374 846 2442 explicari,
877 2374 942 2428 Ood.
960 2373 1044 2427 Rehd.
1066 2375 1157 2426 autem
1180 2375 1208 2437 (a
1224 2386 1277 2439 quo

107 2442 220 2496 Helmst.
239 2456 291 2493 uon
314 2441 422 2494 videtur
458 2442 593 2503 isseutire)
611 2439 735 2493 exhibeat
752 2442 847 2507 Loape
863 2440 950 2493 aliam
966 2441 1112 2508 probibeat
1127 2445 1231 2492 mutata
1248 2438 1279 2490 iu

105 2510 225 2562 sicambra
235 2511 366 2586 fiper-uus.
385 2510 424 2560 De
443 2506 604 2575 anastrophe
621 2508 712 2561 autem
730 2506 941 2575 Praepositionis
961 2507 1021 2559 vult
1038 2506 1153 2560 conferri
1171 2503 1276 2559 Ruhnls.

106 2577 142 2632 ad
160 2575 253 2629 Vellet.
272 2575 309 2637 ΙΙ,
328 2580 370 2630 ut.
400 2575 544 2629 Woiehert.
575 2575 608 2629 de
630 2590 715 2627 verse.
743 2591 816 2627 sur.
835 2591 862 2642 p.
881 2576 913 2626 85
931 2589 971 2641 sq.
991 2576 1019 2627 et
1037 2572 1140 2628 Walch.
1160 2573 1194 2627 ad
1213 2573 1277 2626 Tae.

106 2646 170 2709 Agr.
189 2661 214 2711 p.
234 2645 290 2694 338.
321 2642 381 2695 vid.
401 2643 484 2695 etiam
502 2642 605 2696 adnott.
624 2641 658 2696 ad
677 2639 733 2693 lici,
752 2591 799 2705 il,
820 2643 858 2696 19,
877 2643 905 2695 et
922 2640 958 2694 al.
994 2641 1050 2695 Nos
1068 2658 1130 2695 cum
1145 2639 1278 2695 recentio-

106 2712 181 2765 ribus
208 2708 357 2763 editoribus
374 2709 532 2763 Ablativum
562 2709 740 2774 restituimus,
770 2707 816 2776 qui
846 2708 939 2777 quidni
968 2708 1120 2777 significare
1146 2707 1279 2776 possitis

104 2797 174 2848 parre
192 2778 297 2829 andree
315 2776 429 2839 Gestult,
448 2793 502 2829 non
519 2777 651 2846 intelligo.
671 2805 705 2815 -
725 2776 865 2830 membra
896 2778 939 2829 est
956 2778 1018 2830 Acc.
1039 2777 1122 2832 absol.
1142 2793 1203 2831 eum
1220 2792 1278 2827 mse

34 2882 38 2888 -
105 2855 191 2899 totam
220 2843 430 2908 redimendus,
462 2846 494 2898 ut
511 2861 537 2898 v.
556 2849 596 2898 70.
614 2843 730 2910 speeiem
747 2851 852 2897 merloto
869 2846 897 2897 et
913 2859 938 2896 v.
960 2848 1015 2898 198.
1044 2852 1164 2898 matutae
1192 2850 1276 2898 artum.

106 2913 166 2967 Vid.
186 2912 220 2966 ad
238 2911 295 2965 Ecl.
313 2860 336 2974 i,
356 2916 396 2966 54.
415 2913 466 2966 ete.
484 2942 517 2952 -
536 2912 596 2966 Vsa.
615 2910 662 2972 57.
681 2912 709 2963 et
725 2909 779 2978 58,
808 2909 1024 2966 meorumue
1042 2928 1120 2966 cortu
1138 2912 1171 2975 ti,
1196 2909 1277 2976 vulgo

107 2982 146 3035 sic
163 2981 305 3059 leguntur:
335 2979 491 3048 Scyllaeum
516 2980 797 3061 incastraturarum
816 2995 949 3032 eonvmsa
966 2980 1078 3099 aaroni·
1123 2980 1196 3057 llum
1213 2993 1277 3040 esse,

106 3045 691 3183 sesam
706 3044 1278 3192 dissipaturum:

107 3201 153 3238 rae
171 3184 304 3248 dissertata
322 3182 467 3236 substituit
484 3199 498 3236 e
513 3182 578 3235 coni.
589 3182 735 3248 infamato,
755 3180 825 3248 quod
837 3180 1018 3259 Particrprum
1035 3180 1067 3234 de
1077 3181 1153 3234 Circe
1170 3179 1279 3248 legatur

107 3269 150 3321 ap.
172 3249 247 3306 Ovid.
267 3249 333 3302 Met.
351 3248 423 3314 XIV,
443 3253 500 3304 uro.
527 3249 632 3303 Vocari
648 3250 739 3302 autem
758 3265 789 3305 ex
806 3264 857 3301 usu
893 3249 962 3302 oetrs
981 3247 1088 3300 Latinis
1108 3247 1278 3315 frequentato

107 3335 154 3438 ¹³5⁰
169 3316 291 3439 §bib
308 3315 886 3438 i⁸i³⁶¹⁰t⁰i¹is⁰⁰¹¹i⁶*’d⁰¹h‘'ihiffli·1
906 3318 984 3435 'ili'
1003 3314 1169 3436 libuini
1180 3313 1278 3436 iiii·

107 3404 124 3440 a
234 3400 893 3448 .„...e.res.u...
1267 3410 1279 3422 ·

108 3458 175 3514 tam,
197 3455 224 3506 et
241 3452 323 3505 verba
339 3452 378 3505 sic
396 3401 454 3506 eise
472 3450 658 3520 coniungenda
675 3449 765 3504 decet:
783 3456 905 3502 mandra
923 3449 953 3502 in
970 3397 1065 3503 grum
1083 3466 1214 3504 resume
1230 3466 1278 3503 oo·

108 3521 171 3574 ceri
199 3518 267 3583 (scil.
289 3519 444 3588 pes-bibent)
464 3520 629 3585 Sestiacum,
658 3518 690 3571 ut
712 3517 763 3570 hec
780 3533 876 3571 nomeu
894 3518 1030 3586 proprium
1047 3534 1101 3572 nou
1118 3517 1156 3571 ait
1173 3516 1279 3572 Adlect.

108 3587 143 3639 ad
173 3604 268 3638 samem
290 3587 436 3655 pertinens.
465 3573 512 3641 sed
531 3584 746 3645 substantivum,
779 3584 810 3638 sd
828 3583 994 3640 Exitium.
1027 3585 1096 3639 (ium
1114 3601 1176 3639 uero
1193 3583 1277 3640 Codd.

109 3671 157 3722 pro
176 3670 308 3706 cascesa
324 3653 468 3708 exhibeant
485 3655 626 3721 infectura,
645 3667 694 3705 uos
712 3666 773 3705 cum
790 3651 910 3720 Hauptio
928 3654 956 3706 et
973 3653 1069 3707 ceteris
1085 3651 1279 3707 recentioribus

109 3720 264 3775 editoribus
292 3721 379 3774 locum
402 3738 419 3774 a
438 3721 554 3774 tioribus
572 3719 732 3774 coniecturis
750 3720 920 3774 emendatam
939 3719 1115 3774 exhibuimus
1132 3751 1166 3759 -
1182 3721 1213 3774 V.
1231 3719 1279 3780 58.

108 3806 157 3856 pro
175 3786 259 3840 Codd.
279 3787 393 3842 lectione
432 3788 513 3843 llam
529 3804 597 3842 ease
614 3788 783 3842 aerumnis
800 3785 861 3842 silli
881 3830 887 3841 .
905 3787 1002 3843 audaci
1019 3787 1087 3842 aeui.
1106 3788 1193 3842 edidit
1209 3788 1280 3840 Esse

108 3872 289 3976 surus
314 3855 530 3977 irritasti
548 3857 636 3977 ”tii
655 3803 950 3978 stttrtltltt
967 3855 1189 3978 ilidii&
1218 3853 1279 3975 ili

109 3964 297 4057 noivr’iiposu
319 3939 469 4054 (laboru'oyso
486 3964 529 4046 α’.
576 4007 615 4044 or.
632 3960 721 4058 Epodl
731 3986 819 4053 XVII,
840 3991 881 4042 16.
897 3990 925 4043 et
963 3991 1061 4044 arsam
1076 4006 1120 4058 ap.
1139 3962 1217 4043 eund.
1230 3988 1279 4057 Ilp.

108 4058 130 4120 1,
147 4062 171 4118 7,
190 4060 243 4121 lo.)
261 4057 350 4111 Dativ.
370 4057 504 4112 incommo
525 4057 541 4125 ⁶,
571 4056 690 4127 pendens
721 4071 869 4134 sumcere
886 4059 914 4110 et
933 4007 1078 4112 decresse.
1112 4056 1168 4109 Nos
1188 4059 1278 4109 autem

109 4143 169 4178 eum
199 4125 393 4178 recentioribus
421 4125 570 4180 sdItoribus
588 4126 617 4178 et
634 4141 658 4181 v.
679 4127 718 4177 57.
737 4122 852 4192 Hauptli
870 4125 1069 4179 emendationes
1086 4123 1235 4191 recepimus
1252 4127 1280 4176 et

108 4210 132 4246 v.
152 4196 192 4246 58.
211 4192 394 4246 revocavimus
412 4192 494 4247 Codd.
512 4193 663 4256 lectionem,
688 4192 721 4244 ut
753 4208 900 4245 manaae
921 4191 998 4245 Ulssi
1014 4190 1125 4256 (Genit.)
1143 4191 1200 4243 sint
1216 4205 1279 4243 nar·

109 4262 227 4314 rationes
246 4260 278 4313 de
296 4260 430 4314 aerumnis
450 4259 563 4328 Ulyssis,
583 4257 808 4328 quemadmodum
826 4259 908 4313 etiam
926 4258 1023 4314 Graeci
1041 4257 1162 4311 carmina
1179 4256 1212 4311 da
1232 4255 1279 4311 he·

109 4345 185 4382 reum
203 4327 338 4382 erroribus
356 4330 385 4382 et
402 4327 468 4381 fatis
485 4329 549 4395 post
565 4327 661 4380 Troiae
678 4325 810 4380 excidium
828 4323 947 4386 νόστους
964 4325 1117 4446 appensum
1140 4340 1206 4393 quae
1224 4324 1279 4379 iam

108 4396 213 4450 Puetuii
230 4398 273 4448 est
291 4395 434 4450 seutentIa.
457 4394 523 4450 Gen.
548 4395 626 4448 Ulisi
641 4392 757 4462 legimus
773 4393 839 4447 Aen.
857 4392 894 4457 11,
914 4398 937 4448 I.
955 4395 985 4460 (u
1004 4410 1013 4445 1
1030 4392 1084 4445 vid.
1102 4391 1219 4457 adnott.)
1237 4395 1278 4448 90.

109 4463 159 4524 ΠΙ,
178 4466 236 4519 27³.
256 4466 315 4518 613.
334 4462 459 4517 adoni.
490 4465 647 4530 legamus,
674 4459 967 4523 crassabantur,
997 4461 1280 4527 ementepoetarum

108 4531 220 4598 dictum,
250 4531 296 4599 qui
315 4548 340 4586 r.
358 4535 399 4587 54.
418 4530 622 4584 commemorati
638 4528 704 4589 siut,
735 4525 868 4606 offendere
885 4544 936 4581 nou
974 4543 1041 4592 osse,
1067 4543 1130 4582 rere
1149 4528 1280 4581 memorat

108 4598 245 4653 Puetzius.
264 4628 297 4638 -
314 4616 422 4680 saepe.
439 4598 522 4652 Recte
538 4597 619 4651 Both.
637 4597 667 4651 in
688 4594 764 4674 virg:
788 4594 885 4663 Virgrl.
902 4613 931 4719 fi.
951 4544 1004 4650 iu:
1024 4610 1122 4664 „saepe
1138 4595 1193 4665 legi
1210 4593 1280 4648 solet
1319 4658 1324 4668 ,

108 4665 249 4735 Homerus,
276 4683 356 4738 saepe
377 4665 464 4737 igitur
492 4665 574 4721 etiam
596 4664 647 4721 illa
667 4662 783 4721 historus
800 4661 833 4717 de
851 4662 901 4733 Scy
924 4667 969 4716 a.“
987 4693 1020 4703 -
1038 4662 1099 4718 Vss.
1116 4660 1231 4725 bo—tt.
1248 4677 1280 4719 ex
