2872 5070
440 1069 939 1205 CIRIS

546 1305 595 1370 nh
618 1306 829 1374 llhssntnll.

633 1494 745 1501 ..m—..-

488 1619 894 1703 ARGUMENTUM.

124 1885 129 1895 1
170 1818 224 1883 „ll
242 1818 347 1873 Valerio
366 1819 498 1874 Messalae
524 1821 683 1891 inscriptum
710 1823 752 1875 est
778 1836 898 1876 carmen:
928 1821 1005 1890 eique
1030 1820 1058 1873 in
1081 1821 1188 1876 exordio
1207 1821 1276 1876 satis

103 1885 204 1939 diserto
232 1887 267 1940 ad
294 1904 317 1941 v.
339 1891 393 1941 100.
418 1886 487 1941 illud
514 1888 593 1943 offert
620 1892 708 1958 poeta.
743 1890 860 1943 Narrare
885 1888 947 1942 inde
976 1888 1074 1956 incipit
1101 1888 1225 1943 fabulam
1242 1888 1276 1943 ds

103 1952 200 2020 Scylla,
231 1954 292 2008 Nisi
308 1954 507 2023 Megarensium
536 1957 607 2025 regis
634 1956 697 2012 filia.
734 1957 858 2011 Habebat
876 1956 959 2010 Nisus
988 1956 1017 2008 in
1046 1957 1146 2010 vertice
1175 1957 1274 2010 crinem

103 2037 274 2100 purpureum,
294 2022 355 2075 urbi
372 2038 403 2075 ac
421 2039 449 2077 re
469 2039 503 2076 no
522 2023 644 2091 fatalem,
668 2029 700 2078 ut
719 2025 778 2093 capi
796 2024 907 2092 Megara
926 2038 980 2077 non
998 2026 1118 2091 possent,
1148 2023 1276 2092 quamdiu

103 2089 147 2141 ille
177 2090 316 2143 incolumis
344 2093 424 2144 esset
490 2091 556 2155 inos,
587 2092 682 2146 Cretae
712 2108 765 2157 rer,
796 2092 906 2160 Megara
932 2090 1026 2145 urbem
1048 2107 1109 2144 cnm
1127 2090 1272 2159 obsideret,

103 2155 200 2224 Scylla,
230 2173 291 2211 cum
321 2173 351 2210 ex
373 2173 448 2211 muro
465 2158 535 2212 forte
553 2175 614 2213 eum
633 2159 822 2228 prospexisset,
855 2159 949 2212 insano
967 2158 1025 2212 eius
1043 2174 1133 2212 umore
1153 2159 1277 2226 correpta

103 2228 156 2276 est:
185 2240 237 2291 quo
255 2224 302 2278 illa
319 2225 392 2279 victa
409 2227 491 2278 noctu
509 2226 632 2289 surrexit,
657 2229 689 2280 ut
707 2227 806 2281 crinem
825 2226 903 2280 illum
920 2225 1033 2279 fatalem
1053 2225 1123 2279 clam
1141 2224 1275 2280 rescinde·

103 2292 152 2354 ret,
185 2308 235 2360 quo
263 2292 315 2346 sibi
331 2292 427 2345 Minois
445 2308 563 2346 amorem
586 2293 747 2348 conciliaret.
772 2294 919 2348 Exeuntem
944 2291 1067 2346 cubiculo
1084 2292 1277 2345 animadvertit

102 2358 201 2422 nutris,
231 2359 337 2425 Carme,
367 2359 425 2412 Iovi
443 2359 506 2413 olim
531 2365 629 2421 ainata,
660 2376 691 2414 er
713 2375 766 2430 quo
788 2361 835 2414 illa
852 2360 1030 2413 Britomartin
1052 2361 1199 2426 pepererat.
1236 2358 1274 2412 lla

102 2426 227 2480 alumnae
246 2426 357 2480 meliora
395 2426 491 2479 timum
509 2427 652 2493 persuasit,
672 2443 733 2479 mox
753 2429 843 2479 autem
863 2425 958 2478 multis
977 2425 1078 2479 frustra
1096 2425 1220 2490 tentatis,
1242 2427 1274 2479 nt

102 2493 184 2547 Nisus
202 2494 325 2571 pactione
343 2442 443 2547 bellum
464 2497 643 2561 componeret,
672 2493 700 2546 in
718 2493 848 2570 nutriciae
866 2491 1030 2571 sententiam
1049 2492 1188 2546 concessit.
1215 2491 1275 2571 'Re-

103 2564 176 2615 seetu
202 2561 287 2627 rgitur
304 2560 370 2613 Niso
399 2575 475 2613 corna
491 2576 573 2614 aurea
590 2567 618 2615 et
635 2576 694 2615 curn
714 2559 780 2613 urbe
797 2559 880 2612 Minor
898 2558 1010 2613 tradita.
1044 2558 1072 2612 Is
1089 2575 1152 2613 vero
1171 2559 1274 2614 lacinus

102 2631 159 2682 tam
177 2630 254 2681 atrox
272 2629 299 2681 et
317 2627 428 2695 impium
446 2630 595 2692 aversatus,
623 2644 685 2682 cum
702 2627 730 2681 in
748 2627 859 2680 Cretam
876 2625 986 2688 rediret,
1015 2625 1141 2694 puellam,
1166 2643 1200 2681 ne
1236 2627 1274 2681 ia-

103 2696 162 2748 culo
191 2697 267 2748 tanto
294 2694 408 2749 classem
427 2695 631 2760 contaminaret,
659 2711 693 2750 ne
711 2694 772 2749 navi
792 2693 901 2763 quidem
919 2693 1036 2763 recipere
1053 2693 1148 2762 voluit,
1178 2711 1207 2748 se
1245 2710 1277 2748 ex

101 2764 179 2816 navis
207 2762 338 2816 exteriore
366 2761 452 2816 latere
480 2762 621 2831 alligatam
646 2779 736 2817 secum
764 2761 848 2816 duxit.
884 2761 953 2815 lhrm
980 2760 1027 2815 illa
1044 2761 1132 2816 mults
1149 2761 1196 2816 (liu
1214 2778 1275 2815 oon-

102 2833 198 2900 questa
224 2829 253 2882 in
279 2845 355 2883 avem
373 2828 457 2883 (lirim
481 2831 589 2884 mutata
607 2835 662 2885 est:
693 2829 802 2884 additus
822 2832 913 2883 tamen
932 2845 992 2882 mox
1011 2828 1035 2883 ei
1052 2830 1131 2897 pater
1147 2828 1231 2883 Nisus
1248 2829 1276 2882 in

102 2898 264 2952 haliaeetum
283 2898 415 2959 mutatus,
435 2896 482 2966 qui
500 2898 583 2951 (lirim
601 2914 678 2952 avenn
695 2896 860 2952 interneciuo
879 2895 939 2950 odio
957 2896 1153 2964 persequitur.“
1187 2896 1277 2964 Hcpn.

102 2965 220 3019 Eandem
248 2965 367 3019 fabulam
395 2965 536 3019 eGraecis
564 2965 617 3018 iam
636 2964 804 3019 Stesichorus
822 2963 921 3031 (Schol.
945 2963 980 3015 ad
996 2962 1121 3031 Apellen.
1135 2962 1187 3041 JV,
1208 2963 1278 3027 828.)

102 3036 130 3086 et
148 3032 329 3087 Callimachus
347 3033 376 3085 lv
393 3034 504 3091 Altinae
523 3032 567 3099 (ef.
586 3032 706 3087 Martial.
726 3032 760 3095 X,
778 3033 814 3099 1.)
834 3032 1026 3085 tractaverant.
1045 3029 1088 3084 cf.
1106 3031 1189 3083 eham
1206 3028 1277 3082 Pau·

102 3116 160 3153 san.
187 3101 209 3166 I,
235 3106 274 3164 le,
298 3105 322 3153 5.
350 3100 388 3162 ll,
413 3104 454 3166 31,
483 3105 505 3153 7.
536 3098 659 3168 Apollod.
676 3100 720 3154 111
748 3103 787 3162 15,
810 3101 833 3152 8.
863 3097 889 3150 Η
927 3096 961 3151 'n.
982 3096 1001 3150 f.
1021 3100 1078 3151 198.
1109 3095 1196 3150 Schol.
1213 3095 1276 3149 aur.

101 3167 182 3235 Hipp.
203 3171 275 3222 1200.
305 3165 382 3222 Ouid.
400 3167 464 3220 Met.
483 3165 558 3235 VlII,
587 3170 628 3221 80.
657 3170 685 3221 et
703 3140 783 3233 Nerg.
803 3163 860 3218 Ilcl.
920 3167 995 3232 ,14.,
1025 3179 1056 3242 ιι
1084 3162 1276 3216 recentioribus

102 3240 192 3354 {utem
211 3235 233 3288 l.
251 3234 284 3288 H.
304 3235 381 3289 Voss.
410 3233 437 3287 in
455 3233 541 3303 Epist.
570 3233 682 3302 mythol
700 3233 721 3288 l.
739 3249 766 3301 p.
786 3235 844 3286 219.
862 3232 890 3286 et
907 3231 1019 3285 Luheclr.
1044 3246 1073 3283 m
1091 3228 1277 3298 Aglaophamo

123 3319 176 3370 .p.
196 3307 244 3355 223
262 3318 302 3371 sq.
