2872 5070
446 1170 991 1270 PROOEMIUM

529 1363 720 1431 nnlllouls
742 1361 903 1428 lssnllln

428 1526 568 1582 nanno
593 1526 711 1581 nilus
736 1522 1011 1580 nxscumruu.

221 1693 320 1775 Quod
347 1693 547 1760 Graecorum
572 1695 856 1781 Romanorumque
885 1694 1081 1781 scriptorum
1109 1686 1305 1753 editionibus

135 1776 247 1865 paullo
269 1776 446 1842 maioribus
468 1777 518 1842 his
531 1781 734 1866 potissimum
748 1777 948 1865 temporibus
971 1775 1176 1862 antiquarum
1199 1770 1305 1835 litera·

136 1882 208 1923 rum
229 1860 343 1924 studiis
358 1861 463 1925 minus
484 1862 668 1927 faventibus
680 1862 854 1927 admodum
871 1882 946 1926 raro
964 1860 1152 1941 contingere
1167 1854 1257 1932 solet,
1271 1861 1308 1917 ut

136 1944 253 2007 iterata
274 1965 352 2007 cura
378 1945 575 2030 repetendae
602 1948 680 2024 sint,
706 1945 739 2010 id
763 1945 954 2032 Virgiliauis
983 1939 1181 2007 carminibus
1208 1961 1228 2001 a
1253 1957 1305 2000 me

136 2034 211 2090 ante
233 2025 292 2091 bos
318 2025 488 2092 duodecim
520 2051 621 2094 annos
649 2031 790 2116 primum
821 2028 917 2094 editis
944 2029 1010 2092 iam
1038 2023 1090 2089 bis
1120 2021 1306 2105 contigisse,

134 2118 183 2173 est
206 2131 284 2173 sane
306 2109 394 2196 quod
416 2109 501 2176 laeto
519 2123 678 2200 gratoque
700 2114 807 2178 animo
826 2110 1028 2199 praedicem3
1047 2129 1124 2171 nam
1145 2106 1242 2169 etiam
1262 2100 1305 2167 al-

135 2192 237 2256 terius
260 2192 410 2257 editionis
433 2196 574 2283 quinquo
595 2195 714 2260 abhinc
740 2197 833 2260 annis
852 2197 885 2260 in
907 2192 1013 2258 lucem
1037 2191 1176 2255 emissae
1197 2207 1307 2250 exem·

136 2273 287 2360 pleribus
310 2276 460 2342 omnibus
482 2277 657 2343 divenditis
672 2282 736 2344 iam
759 2279 857 2344 tertia
880 2275 1083 2342 desideratur
1105 2270 1211 2336 editio.
1232 2269 1308 2354 lpse

134 2368 259 2440 autem,
288 2380 352 2446 quo
379 2359 432 2423 hic
481 2361 693 2450 ualiscunque
719 2362 802 2427 liber
824 2384 904 2427 exce
930 2370 982 2425 tus
1003 2366 1069 2439 est,
1095 2356 1189 2419 favor
1211 2351 1308 2438 plane

135 2440 313 2526 singularis
335 2442 414 2507 mihi
436 2383 489 2509 v‘el
503 2444 624 2511 nolenti
643 2444 841 2532 persuadere
860 2383 1010 2524 dedebat,
1033 2459 1164 2527 operam
1186 2438 1306 2500 incom-

134 2523 281 2674 parabili
303 2536 418 2612 poetae
438 2550 458 2591 a
479 2551 531 2593 me
552 2541 706 2594 navatam
730 2550 795 2594 non
817 2550 951 2615 prorsus
973 2545 1093 2589 vanam
1111 2529 1143 2585 et
1162 2516 1308 2584 inutilem

148 2610 233 2672 uisse
255 2630 390 2695 eamque
411 2611 518 2697 ipsam
540 2613 707 2694 rationem,
730 2634 827 2699 quam
849 2613 883 2675 in
905 2605 1097 2674 adornanda
1118 2604 1181 2669 hae
1195 2601 1308 2666 editio-

135 2713 189 2789 ne·
207 2701 335 2756 secutus
365 2715 445 2775 sum,
470 2697 618 2781 quamvis
646 2716 666 2759 a
687 2694 875 2760 censoribus
920 2689 1093 2757 uibusdam
1115 2685 1224 2774 paullo
1249 2684 1309 2782 ini·

136 2774 305 2864 quroribus
330 2775 409 2840 satis
432 2778 549 2843 acerbe
570 2777 769 2866 reprehensa
792 2780 849 2859 sit,
878 2717 952 2842 aliis
974 2784 1082 2839 tamen
1103 2771 1184 2835 viris
1207 2767 1309 2832 docus

135 2880 199 2923 non
215 2858 434 2944 improbatam
451 2883 521 2926 esse
544 2873 575 2926 et
592 2865 745 2926 iuvenum
764 2861 879 2927 studiis
897 2855 1087 2925 liberalibus
1105 2850 1310 2941 operantium

137 2941 307 3007 commodo
330 2943 377 3007 ita
399 2945 605 3023 satisfecisse,
626 2946 717 3010 utin
739 2943 924 3032 repetendis
937 2938 1133 3008 editionibus
1151 2934 1248 3022 plane
1266 2931 1308 2996 ab

137 3047 176 3089 ea
196 3023 349 3090 recedere
370 3048 434 3090 uon
455 3027 550 3093 modo
572 3051 637 3093 non
657 3029 886 3109 necessarium,
903 3024 961 3091 sed
975 3020 1191 3088 inconsultum
1203 3015 1309 3081 videri

137 3105 286 3189 deberet3
310 3129 504 3256 quampuam
526 3112 558 3174 in
584 3133 665 3174 enue
687 3111 859 3195 profiteor,
898 3130 966 3190 me,
998 3108 1026 3169 si
1058 3125 1145 3167 nunc
1168 3101 1309 3187 primum

138 3189 219 3255 mibi
240 3190 385 3255 edendus
421 3192 522 3256 uisset
575 3192 719 3279 irgilius,
750 3191 849 3257 aliam
871 3193 958 3255 viam
981 3189 1135 3252 initurum
1158 3194 1190 3248 et
1211 3204 1311 3247 unum

136 3273 231 3340 modo
254 3273 457 3340 literatorum
479 3274 647 3341 hominum
668 3298 786 3362 genus,
810 3284 865 3341 aut
889 3275 978 3340 viros
1000 3270 1095 3337 modo
1117 3271 1182 3335 iam
1205 3264 1310 3331 erudi·

136 3359 224 3421 tione
246 3367 394 3439 ornatos,
426 3367 482 3423 aut
514 3359 599 3425 solos
620 3360 753 3424 iuvenes
781 3358 949 3424 literarum
976 3353 1222 3421 ediscendarum
1247 3358 1311 3413 stu·

137 3439 247 3505 diosos
270 3450 491 3529 spectatarum
512 3442 629 3525 fuisse,
656 3466 729 3508 cum
756 3442 837 3508 baec
864 3441 963 3508 editio
994 3440 1102 3526 potius
1119 3436 1191 3500 usui
1215 3454 1312 3520 quam

136 3523 279 3588 maxime
302 3527 463 3590 communi
478 3548 550 3591 esse
574 3527 716 3593 omnium
741 3548 781 3591 ue
796 3524 976 3591 rationibus
992 3519 1159 3588 consulere
1174 3517 1312 3596 studeat,

138 3628 241 3695 quare
260 3618 390 3693 praeter
411 3609 512 3674 multa
535 3609 708 3675 iuvenibus
744 3612 897 3675 ’terarum
920 3606 1073 3672 studiosis
1090 3605 1222 3689 scripta,
1245 3601 1313 3687 qui·

137 3690 200 3756 bns
217 3688 377 3756 doctiores
393 3691 531 3758 libenter
550 3702 693 3774 careant,
708 3692 797 3757 haud
819 3713 926 3780 pauca
948 3691 1045 3755 etiam
1067 3687 1217 3761 eontinet,
1231 3704 1314 3771 quae

137 3775 283 3839 virorum
306 3774 474 3842 doctorum
498 3776 653 3841 scientiae
680 3775 926 3841 accommodata
947 3774 988 3839 ab
1013 3775 1165 3837 iuvenum
1186 3766 1313 3832 illorum

138 3867 238 3944 captu
267 3881 391 3947 usuque
424 3859 531 3925 aliena
553 3858 715 3924 censenda
738 3863 811 3924 sint.
855 3856 1036 3925 Consilium
1058 3855 1174 3942 igitur,
1197 3850 1315 3938 quoin

137 3940 270 4027 Virgilii
293 3943 493 4008 carminibus
516 3942 650 4008 edendis
666 3942 782 4008 ductus
804 3964 885 4022 aum,
908 3964 981 4006 cum
999 3940 1096 4005 etiam
1115 3938 1150 4001 in
1169 3934 1232 3999 bae
1253 3941 1315 3996 ter-

137 4025 185 4088 tia
207 4023 349 4090 editione
372 4028 503 4092 omnino
526 4026 612 4092 idem
635 4028 801 4108 manserit,
825 4047 907 4112 opus
930 4046 1002 4089 esse
1020 4022 1165 4095 videtur,
1183 4026 1219 4080 ut
1240 4025 1315 4080 ante

139 4109 248 4172 omnia
271 4129 355 4196 quae
374 4106 416 4172 ad
438 4109 500 4175 boc
526 4111 634 4197 ipsum
662 4109 833 4174 consilium
855 4106 1088 4173 declarandum
1113 4102 1246 4183 faciant,
1274 4120 1315 4163 ex

138 4190 285 4290 longiore
305 4192 434 4292 primae
456 4191 606 4259 editionis
629 4193 795 4280 prooemio
817 4200 971 4278 repetam.
1014 4188 1053 4253 In
1075 4195 1122 4251 tot
1143 4185 1227 4250 enim
1242 4182 1316 4246 Vir·

138 4273 209 4361 gilii
236 4273 432 4341 editionibus
449 4273 665 4341 diversissimi
679 4276 809 4361 generis
832 4286 864 4339 et
883 4275 1002 4373 partim
1018 4268 1113 4336 laude
1129 4289 1201 4333 mea
1222 4266 1316 4351 longe

139 4357 365 4445 superioribus
394 4356 644 4425 desiderabatur
673 4370 781 4424 tamen
815 4357 914 4423 editio
939 4379 1004 4421 non
1033 4347 1264 4436 nimissstampla
1285 4356 1318 4413 et

138 4441 268 4506 modico
292 4443 399 4529 pretio
423 4440 591 4541 parabilis,
612 4466 695 4531 quae
720 4442 952 4508 commentario
976 4447 1133 4525 perpetuo
1157 4442 1188 4498 et
1209 4454 1318 4498 recen·

138 4523 277 4589 tionibus
295 4525 493 4612 elegantium
508 4523 676 4591 literarum
690 4524 891 4614 profectibus
905 4518 1147 4589 accommodato
1160 4519 1319 4581 instructa

139 4608 281 4698 optimas
302 4631 447 4696 quasque
466 4619 498 4677 et
517 4611 701 4698 cognitione
714 4609 923 4699 dignissimas
935 4608 1081 4697 priorum
1093 4601 1252 4668 editorum
1263 4598 1318 4665 ad·
