2872 5070
520 245 749 311 AENEIDOS
772 245 856 310 ΜΒ.
877 246 937 310 ΙΧ.

129 406 314 472 Sustulerat
336 409 509 495 vetitisque
531 410 573 475 ad
596 411 729 476 Troiam
753 413 887 476 miserat
909 414 1019 494 armis,

127 489 218 554 Ense
241 489 323 555 levis
345 489 432 555 nudo
455 515 633 593 parmaque
655 492 812 578 inglorius
835 494 921 561 alba.

128 574 225 659 Isque
246 572 302 637 ubi
325 595 359 637 se
381 573 484 639 Turni
506 575 614 641 media
633 578 717 641 inter
740 576 829 641 milia
850 577 943 659 vidit,

129 656 217 720 Hine
239 659 327 720 acies
350 666 446 740 atque
468 658 543 723 binc
564 661 653 724 acies
674 659 805 724 adstare
826 660 977 726 Latinas:

128 738 173 803 Ut
194 739 274 820 fera,
319 760 380 803 uae
401 739 503 806 densa
524 753 699 807 venantum
722 753 837 828 saepta
858 765 979 808 corona

129 820 251 888 Centra
272 761 337 887 teia
358 821 436 886 furit
456 846 591 911 seseque
612 824 700 890 baud
721 827 832 890 nescia
852 828 949 890 morti

127 904 225 969 Inicit
245 913 277 969 et
300 903 384 969 saltu
405 929 505 992 supra
530 907 691 973 venabula
711 909 824 989 fertur,

128 1106 336 1117 p—

128 1238 210 1306 φερέ.
241 1238 309 1291 eum
326 1254 422 1292 nomen
440 1239 529 1308 patris
545 1256 598 1293 non
616 1239 739 1295 additum
757 1241 802 1303 sit,
832 1241 939 1296 Servius
957 1257 1017 1295 eum
1035 1242 1088 1295 eti
1108 1257 1168 1295 sum
1185 1243 1299 1298 Heleno·

128 1321 184 1386 rem
202 1304 368 1424 offellatum
387 1305 469 1360 luisse
487 1308 654 1376 suspicatur;
688 1308 721 1362 W
755 1351 783 1388 ι.
805 1324 867 1362 vero
915 1309 1014 1388 uaerit:
1046 1350 1061 1376 „
1097 1310 1205 1374 aeonio,
1235 1327 1299 1364 num

128 1390 205 1520 tib
232 1373 579 1521 rbilitbiitiilt
595 1391 629 1511 {3¹3
644 1375 761 1511 bnt}
786 1377 911 1498 titt
931 1393 939 1428 ¹
960 1375 1079 1509 hibi?
1099 1376 1300 1512 {illisit

128 1507 234 1562 ridetur
247 1523 319 1576 pnor
332 1510 409 1561 ratio.
428 1538 461 1547 —
480 1509 520 1562 Lz
529 1511 666 1578 comnia.
694 1511 797 1564 Nomen
810 1511 837 1563 in
852 1510 935 1563 Codd.
956 1510 1029 1564 vario
1043 1509 1121 1564 modo
1134 1515 1297 1579 corruptum.

128 1574 225 1629 Veram
244 1574 359 1628 nominis
377 1576 490 1629 formam
507 1576 633 1629 exhibent
650 1576 721 1630 Med.
739 1581 767 1629 et
785 1577 854 1631 Gud.
885 1577 943 1631 Vid.
963 1577 1045 1631 etiam
1068 1577 1157 1631 Bentl.
1180 1578 1215 1632 ad
1233 1580 1297 1633 Hor.

129 1643 179 1697 od.
197 1641 234 1702 11,
255 1644 295 1708 12,
318 1645 355 1695 13.
373 1672 406 1681 —
423 1644 549 1710 sertim,
569 1643 647 1705 clam,
678 1647 772 1712 utpote
791 1645 890 1698 furtivo
909 1661 998 1699 amore
1015 1644 1146 1713 genitum,
1174 1645 1218 1712 (es.
1238 1646 1298 1713 VII,

129 1713 198 1775 660.)
216 1708 412 1762 Snatnlerat
430 1727 460 1764 ex
479 1711 564 1780 patris
582 1712 729 1766 voluntate.
765 1712 816 1765 vid
834 1728 917 1780 supra
935 1712 969 1766 al
988 1729 1012 1765 v.
1033 1716 1090 1766 203.
1121 1713 1247 1766 Ceterum
1265 1716 1299 1767 ef.

128 1776 207 1831 Hom.
226 1774 260 1829 Il.
278 1776 324 1840 VI,
346 1779 385 1830 24.
417 1810 423 1813 -
473 1797 565 1831 orma
594 1779 701 1832 vetita
731 1778 815 1847 Heyn.
846 1780 1053 1849 interpretaturi
1083 1795 1151 1848 quae
1182 1783 1299 1835 tractare

128 1844 247 1898 nondum
264 1846 356 1912 posset
388 1847 479 1922 reptet
491 1848 611 1898 teneram
624 1845 847 1900 adolescentiam:
865 1863 928 1901 nam
946 1847 1174 1917 eratprimaeous
1190 1864 1214 1900 v.
1227 1852 1298 1910 545.;

128 1910 215 1965 Rnhk.
233 1913 333 1977 tamen,
378 1927 479 1965 ererum
503 1916 618 1977 secutus,
651 1913 717 1967 haee
736 1913 861 1967 adnotat:
896 1914 952 1993 „At
970 1921 1057 1968 meter
1083 1915 1207 1969 miserat:
1239 1915 1300 1969 bino

129 1997 208 2033 ormo
224 1979 315 2040 vetito,
334 1977 405 2031 baud
424 1981 489 2059 apta
509 1996 601 2034 servae
619 1979 682 2042 filio,
710 1996 761 2050 quo
787 1981 946 2049 elegantius,
976 1998 1056 2051 quam
1086 1980 1111 2036 ei
1139 1982 1300 2049 conveniret,

129 2048 234 2100 armato
252 2048 367 2099 matrem
385 2045 529 2115 gloriatam
548 2047 637 2101 innuit
669 2053 738 2115 oeta,
758 2050 845 2117 magis
863 2049 905 2103 sui
918 2065 999 2118 quam
1010 2048 1110 2105 heroici
1123 2049 1184 2104 aevi
1196 2050 1300 2105 ratione

128 2112 250 2168 babita.“
284 2113 381 2182 He>nii
405 2113 610 2182 explicationia
662 2131 761 2184 agnero
780 2116 909 2184 probatae
928 2116 1066 2171 adversari
1082 2116 1171 2171 locum
1189 2116 1222 2182 X,
1243 2122 1299 2172 ³45.

272 2179 371 2234 'naevo
390 2198 506 2251 corporo
524 2181 641 2235 Clausae
657 2183 777 2236 Advenit
796 2187 824 2237 ct
841 2183 917 2248 alios,
938 2185 983 2254 qui
1001 2183 1127 2249 doceant,
1146 2185 1213 2239 satis
1232 2187 1300 2239 mul·

128 2250 169 2302 tos
200 2247 243 2302 lus
264 2246 344 2301 bellis
373 2247 527 2303 interfuisse
556 2249 715 2317 primaevos,
746 2266 807 2304 vere
837 2251 962 2305 observat
981 2250 1095 2317 Peerlk,
1126 2252 1173 2320 qui
1201 2252 1301 2306 rectius

128 2315 245 2370 fortasse
276 2315 381 2383 cogitat
410 2315 443 2368 do
463 2317 549 2385 patris
566 2316 718 2381 interdicto,
749 2320 781 2370 ut
799 2334 894 2371 sensns
915 2319 964 2372 sit:
994 2317 1142 2387 Licymnia,
1161 2335 1229 2397 qnae
1248 2320 1301 2374 He·

128 2383 245 2437 lenorem
275 2383 344 2436 elam
376 2381 513 2451 eduxerat,
545 2399 605 2438 eum
635 2383 720 2437 inscio
747 2387 775 2438 et
792 2384 877 2438 invito
895 2387 972 2452 patre
990 2387 1109 2439 miserat.
1150 2386 1200 2441 'Sic
1218 2387 1299 2440 etiam

129 2449 249 2514 Ladew.;
278 2449 374 2519 Wagn.
404 2450 519 2505 fluctuat
547 2451 619 2505 inter
648 2453 791 2530 utramque
825 2451 1097 2522 interpretationem.)
1177 2451 1300 2531 nington,

129 2516 310 2585 Peerlkampii
336 2521 363 2570 ct
380 2518 463 2571 Servii
482 2535 512 2572 ex
531 2518 685 2573 linationem
703 2519 828 2588 coniungi
847 2535 925 2588 posse
943 2536 1062 2581 censens,
1093 2519 1208 2573 conferri
1225 2521 1301 2575 rubet

131 2585 208 2639 Hom.
225 2583 259 2638 Il.
279 2584 315 2648 ll,
335 2587 403 2652 832,
421 2585 497 2639 cuius
514 2535 566 2639 ioci
585 2588 666 2654 poeta
682 2584 727 2638 hie
744 2602 845 2640 memor
866 2586 948 2640 luisse
964 2587 1095 2641 videatur.
1130 2586 1212 2641 Falsa
1229 2592 1301 2643 certe

130 2655 171 2706 est
188 2652 290 2706 Donati
319 2652 396 2716 ratio,
447 2653 475 2706 ui
504 2653 619 2722 explicat
646 2655 725 2718 foto
742 2654 831 2707 vetita.
868 2653 910 2710 Cf.
930 2654 1056 2710 Ribbeck.
1075 2654 1180 2724 Proleg.
1218 2659 1299 2711 ,lit

129 2750 160 2759 —
179 2717 247 2780 548.
265 2719 357 2772 Ense
373 2670 521 2799 nationi:
541 2737 563 2774 e.
582 2720 646 2799 solo,
666 2719 748 2774 nullis
766 2720 825 2774 aliis
844 2720 905 2774 telis
923 2721 1081 2777 instructus.
1117 2671 1216 2776 (ΙΙ.Χῖ
1243 2727 1299 2781 ΙΙΙ.

130 2788 169 2842 De
199 2786 250 2841 boe
279 2789 372 2840 antem
402 2787 523 2857 simpher
551 2787 678 2841 Ablatrvo
709 2788 763 2841 vid.
786 2788 820 2842 ad
838 2788 887 2856 ΙΙΙ,
908 2793 963 2843 618.
983 2788 1043 2853 VII,
1068 2793 1122 2843 ¹87.
1143 2789 1178 2843 al.
1213 2764 1302 2846 terta

130 2854 205 2910 nna
234 2855 302 2909 avo
330 2855 406 2908 orado
437 2855 571 2909 iterantur
600 2855 628 2908 in
657 2855 738 2909 Anth.
757 2855 818 2909 Lat.
838 2856 862 2917 I,
882 2859 929 2909 178
956 2859 1012 2911 433.
1048 2857 1192 2925 Sequentia
1221 2859 1301 2913 verba

152 2939 246 2976 arma
263 2922 439 2990 ingloriae
455 2923 536 2977 alba
552 2922 639 2976 Rubk.
658 2925 730 2977 reete
748 2923 855 2977 videtur
878 2940 908 2977 ex
927 2897 1022 2978 licere:
1049 2923 1113 2993 „qui
1131 2940 1184 2977 non
1201 2924 1301 2994 gloria·

128 2940 220 3053 intur,
240 2989 287 3044 sed
305 2988 369 3043 alba
385 2992 504 3057 tuntum,
522 2990 604 3043 nullis
622 2989 774 3059 insignibus
792 2994 887 3044 ornata
908 2939 926 3060 f

130 3056 140 3110 Ι
173 3058 180 3070 ’
220 3056 517 3126 i1p2rmaarmotus.“
552 3056 644 3126 Neque
675 3056 754 3111 aliter
771 3058 950 3124 Heinriehius,
980 3075 1024 3128 qur
1055 3058 1160 3112 confert
1176 3059 1299 3129 Aeschyl.

129 3072 257 3196 mad
275 3122 359 3178 Theb.
379 3140 402 3179 v.
423 3127 472 3178 588
493 3141 534 3193 sq.
553 3128 586 3185 or}
613 3148 629 3176 n
650 3123 676 3176 δ’
696 3125 746 3180 οὐκ
767 3126 839 3191 ἐπῆν
856 3126 956 3194 κύκλῳ
975 3127 1006 3179 οὐ
1053 3127 1088 3195 ἀρ
1117 3125 1212 3181 δοκεῖν
1240 3124 1299 3198 ἄρι-

131 3208 205 3257 στος,
230 3190 286 3244 ἀλλ’
313 3191 385 3246 εἶναι
415 3193 502 3257 θέλει,
531 3193 559 3245 et
599 3192 667 3259 urip.
687 3191 785 3246 Phoen.
807 3195 890 3260 1119,
919 3193 966 3246 ubi
995 3144 1050 3246 cai

144 3257 233 3314 biarai
251 3257 348 3329 ἄσημα
378 3257 454 3312 ὅπλα
484 3261 736 3314 commemorantur.
772 3259 814 3313 ef.
843 3260 926 3314 etiam
956 3259 1020 3315 Gen.
1039 3260 1086 3322 IV,
1107 3263 1149 3314 94.
1180 3263 1208 3315 et
1229 3261 1299 3316 Stat.

128 3276 211 3382 i'beb.
227 3325 274 3393 IX,
296 3331 350 3381 109.
370 3326 517 3406 lliffugere
535 3329 616 3380 iubae
630 3327 773 3447 ''amai“
789 3328 819 3380 in
838 3328 912 3381 loria
928 3328 1021 3382 cason.
1040 3327 1175 3384 Sebiraeb.
1193 3344 1255 3384 vero
1294 3374 1299 3383 .

1046 3209 1087 3247 em
1117 3193 1220 3248 ratione
1237 3195 1302 3248 Arn-

129 3398 187 3449 456.
205 3394 236 3447 in
253 3393 343 3447 lorino
360 3392 404 3447 hie
421 3410 476 3447 nou
494 3394 583 3448 minus
602 3410 682 3463 quam
700 3395 772 3448 inre.
843 3398 918 3461 ,391
937 3398 965 3449 ct
977 3393 1040 3449 Geo.
1050 3395 1085 3462 11,
1099 3398 1156 3451 286.
1176 3397 1235 3464 (nbi
1247 3396 1275 3450 vi
1295 3439 1301 3449 .

130 3412 253 3528 sduotti
276 3461 484 3531 interpretatur:
514 3461 579 3531 „qui
606 3461 711 3516 nullam
735 3461 837 3516 famam
860 3462 965 3532 quaerit
992 3478 1007 3516 e
1036 3462 1115 3517 rebus
1144 3480 1171 3517 m
1227 3465 1250 3518 is
1274 3467 1302 3518 et

129 3544 187 3595 oum
215 3529 351 3598 gravitate
368 3528 556 3599 peragendisf‘
577 3561 610 3568 —
628 3529 716 3583 Alba
735 3548 857 3599 parma
885 3532 928 3584 ert
953 3527 1055 3593 cadem,
1089 3547 1157 3600 quae
1215 3535 1300 3595 ,nn

125 3615 199 3668 paea
224 3614 325 3666 punita
346 3600 465 3658 vocatur,
500 3600 529 3650 et
556 3597 646 3652 Servio
675 3598 746 3651 teste
774 3597 897 3651 convenit
925 3596 1014 3661 tironi,
1045 3597 1088 3652 cni
1119 3614 1172 3650 non
1200 3598 1299 3653 licebat

145 3665 214 3720 ictas
243 3667 349 3733 gesture
392 3680 489 3718 armas.
524 3664 564 3718 De
586 3664 646 3734 ipsa
667 3682 770 3734 peroro
797 3664 831 3718 ef.
851 3663 958 3718 Lerseb.
978 3665 1042 3719 Ant.
1060 3664 1141 3734 Verg.
1160 3671 1184 3731 ξ.
1204 3670 1244 3721 31.
1274 3670 1302 3720 et

127 3680 197 3787 ibor
219 3748 296 3785 meus
314 3730 370 3785 Hel
400 3750 459 3784 aa.
480 3731 591 3786 Romi
624 3736 646 3786 1.
687 3736 770 3787 .114.
805 3731 872 3786 Erat
890 3747 922 3786 ea
937 3732 1009 3786 inter
1028 3748 1105 3787 arma
1126 3733 1249 3798 velitum,
1269 3733 1302 3787 de

129 3800 226 3871 quibus
245 3799 279 3853 cf.
298 3799 392 3868 Polyb.
409 3798 456 3863 vr,
480 3802 520 3854 22.
539 3800 568 3853 et
584 3772 640 3853 ln.
734 3798 808 3861 vm,
830 3802 871 3853 21.
890 3829 922 3837 -
940 3797 1006 3860 ote.
1031 3799 1129 3865 ,nuru
1146 3800 1174 3854 u
1192 3801 1301 3870 sango

129 3869 233 3938 aperta,
263 3881 317 3920 non
349 3869 421 3920 tecto
439 3865 540 3926 clausa,
571 3867 599 3920 in
618 3883 746 3936 praeceps
766 3867 839 3928 data,
861 3865 1017 3921 desilientes
1033 3867 1152 3922 Helenus
1170 3871 1198 3923 et
1215 3869 1302 3938 Lycus

128 3934 156 3989 in
185 3932 275 3988 medlo
303 3933 424 3987 hostium
445 3934 546 3989 versari
565 3950 593 3990 se
610 3935 750 3999 ridebant3
779 3934 857 3998 alter,
876 3933 973 4002 Lycus,
992 3951 1015 3988 v.
1036 3939 1086 3989 556
1103 3952 1143 4005 sq.
1164 3936 1303 3991 vibratoa

129 4005 202 4057 terra
220 4017 265 4055 oor
285 4017 330 4055 ore
347 4001 375 4054 in
388 4017 513 4081 aggerem
526 4005 553 4055 et
565 4018 671 4055 murum
685 4001 802 4081 recipere
815 4018 843 4055 se
856 4003 884 4054 et
893 4001 1035 4055 escendere
1049 4005 1187 4058 conatur.“
1212 4003 1300 4072 Harsa.

128 4066 245 4131 -560.
300 4069 467 4122 incoctas
486 4069 792 4138 atquebiueaezeo.
828 4068 890 4122 Vid.
912 4068 946 4123 ad
965 4068 1092 4134 GeuIV,
1112 4073 1153 4124 86.
1181 4069 1301 4138 Coning-

128 4139 176 4192 ton
196 4138 336 4216 comparat
353 4135 401 4199 XI,
421 4139 478 4191 766,
496 4137 655 4191 beneditus
671 4138 779 4205 iamque
796 4137 846 4190 boa
862 4137 964 4190 aditos.
983 4167 1015 4176 -
1033 4139 1173 4192 adstare
1194 4137 1300 4198 fortius,

147 4204 544 4335 “fftofftlltt'ttoti
558 4203 1223 4335 steti·tttttlllttttbbittit
1240 4207 1301 4325 iii:

129 4339 188 4392 tum
207 4337 298 4392 adsint
317 4337 419 4418 equites
437 4338 539 4401 Latini,
566 4344 655 4393 cetera
672 4341 762 4393 autem
780 4338 851 4407 legio
868 4339 1003 4393 instructa
1021 4339 1139 4391 moretur
1156 4336 1191 4390 ad
1207 4338 1301 4392 urbem

129 4404 236 4470 Latini3
253 4405 300 4459 sed
320 4405 379 4459 vide
397 4405 502 4459 aduott.
523 4405 557 4459 ad
575 4423 598 4460 v.
618 4411 675 4462 450.
694 4437 727 4445 -
744 4405 812 4460 (lum
829 4422 854 4459 v.
873 4410 917 4459 551
940 4425 979 4475 sq.
997 4406 1038 4459 Hc
1049 4421 1083 4484 n:
1101 4404 1215 4458 conferri
1226 4405 1301 4459 iubet

128 4472 208 4527 Hom.
227 4472 260 4527 11.
279 4472 341 4534 XII,
359 4477 423 4526 tls
464 4517 469 4527 .
500 4472 558 4535 XX,
579 4478 626 4527 tot
645 4490 684 4543 sq.
709 4473 952 4543 inroXII,lsq.
985 4475 1013 4527 et
1035 4422 1128 4527 iillum
1148 4471 1181 4538 X,
1204 4475 1215 4524 1
1242 4489 1300 4542 sqq.

128 4539 206 4595 Addo
225 4539 301 4595 ovid.
320 4539 384 4594 Met.
405 4489 482 4608 xiil,
501 4545 558 4597 510.
578 4574 609 4581 --
628 4543 718 4595 Verba
735 4548 877 4596 venantum
894 4548 985 4612 septae
1010 4557 1114 4619 corona
1142 4542 1301 4607 repetuntur

128 4606 157 4661 in
174 4607 258 4662 Antb.
278 4606 338 4662 liat.
357 4608 381 4672 1,
402 4612 458 4675 tte,
477 4611 534 4664 287.
554 4640 585 4647 -
611 4607 675 4670 552.
707 4610 796 4662 totid
823 4609 944 4663 nescia.
983 4607 1135 4675 (lomngton
1163 4609 1302 4676 comparat

918 2990 994 3045 nullo
1017 2994 1176 3070 argumento
1198 2992 1300 3048 caelato
1400 3006 1405 3013 ·
