2872 5070
456 263 686 330 AENEIDOS
708 266 791 332 LIB.
814 267 892 331 XII.
1194 272 1253 334 583

82 438 233 511 Pectora,
258 454 343 495 nunc
365 431 441 495 totis
463 432 497 496 in
516 428 652 494 volnera
673 432 798 497 viribus
816 435 888 497 itur.

83 520 272 582 Murranum
296 514 357 594 hic,
380 523 494 579 atavos
516 525 700 579 atavorum
723 518 857 604 antique
879 524 1045 580 sonantem

85 603 225 664 Nomina
248 620 305 682 per
326 619 483 744 regespue
503 607 610 661 actum
633 621 736 682 genus
758 621 853 663 omne
874 599 1020 680 Latinos,
1204 610 1253 658 530

83 682 298 765 Praecipitem
323 702 455 762 scopus
478 690 574 764 atque
594 681 734 764 ingentis
759 682 888 746 turbine
911 683 984 746 saxi

86 767 220 829 Excutit
242 762 441 848 effunditque
463 761 546 842 solo;
569 761 653 827 hunc
674 763 744 828 lora
766 776 797 828 et
818 766 896 848 iuga
921 763 1031 827 subter

84 847 283 912 Provolvcre
305 854 405 924 rotae,
428 844 542 908 crebro
565 867 662 929 super
682 846 804 929 ungula
825 844 920 932 pulsu

86 932 188 993 Incita
210 950 269 990 nec
292 926 411 990 domini
434 949 610 990 memorum
633 926 802 1012 proculcat
824 951 990 1014 equorum.

87 1160 123 1211 roi
145 1161 183 1223 (et
201 1158 243 1210 bic
262 1158 367 1226 quidem
387 1160 568 1214 exaestuantis
587 1161 614 1214 et
631 1175 690 1214 sese
708 1161 886 1229 extendentis)
906 1161 982 1231 copia
993 1161 1149 1230 implentur.
1170 1160 1254 1229 Heyn.

87 1225 391 1346 {Olgllamdgeo'el229”
397 1227 453 1348 I1pr
462 1236 626 1349 rupppupppr
641 1227 743 1347 leemps
759 1229 1047 1364 Imbu⁸9J²d¹¹iil
1059 1227 1094 1282 ad
1106 1227 1204 1348 Tibitst
1217 1228 1254 1349 g,

104 1334 110 1357 ,
166 1337 171 1347 .
262 1336 266 1346 .
326 1311 378 1346 rm
420 1311 475 1348 nr.
539 1336 545 1357 ,
630 1313 669 1349 s.
728 1313 821 1349 ccora
868 1315 898 1349 ur
935 1314 1003 1350 rame
1050 1313 1159 1348 666666
1243 1325 1255 1333 -

86 1377 199 1428 reamque
227 1369 372 1427 pertentes,
402 1361 463 1414 Nec
492 1381 524 1415 ca
544 1380 589 1415 cre
617 1311 724 1416 irdrum
748 1315 906 1432 fluctusque
954 1371 1043 1418 actore
1071 1313 1256 1429 66666661)-

87 1429 185 1480 acaci
191 1447 208 1479 6
226 1428 323 1481 eisaei.
358 1428 399 1506 Cf,
420 1429 483 1483 Gen.
498 1431 534 1496 Ι,
554 1433 612 1483 467.
630 1429 676 1496 IV,
696 1435 754 1484 470.
773 1432 836 1485 Hor.
858 1431 907 1486 Ol.
925 1382 952 1497 lp,
968 1437 991 1494 6,
1013 1435 1037 1484 6.
1054 1431 1127 1484 Cart.
1146 1430 1180 1483 66
1201 1430 1256 1484 Lu·

87 1512 143 1548 can.
163 1495 184 1557 I,
208 1499 246 1550 ll.
266 1500 293 1547 et
311 1495 436 1549 Ruddrnr.
456 1497 490 1549 ΙΙ.
510 1514 536 1566 6.
557 1501 614 1550 225.
635 1527 667 1535 -
685 1496 751 1557 528.
782 1500 816 1551 s'a
838 1499 979 1552 solarere
998 1498 1157 1563 (inferenda)
1176 1499 1255 1551 itur.

87 1563 129 1616 Sic
148 1579 189 1630 ap.
208 1562 285 1616 bvid.
305 1563 368 1616 llet.
388 1563 435 1628 IX,
454 1569 511 1619 465.
543 1567 624 1631 (certe
643 1581 674 1617 ex
694 1566 796 1618 Heinsii
826 1567 906 1632 coni.)
936 1566 1062 1633 66666666
1092 1566 1120 1616 iu
1144 1567 1257 1617 6666666

86 1631 198 1696 frat-res.
229 1631 299 1683 Stat.
318 1631 400 1685 Theb.
422 1630 489 1685 VIII
518 1635 560 1685 69.
591 1635 697 1696 tratres
726 1634 833 1686 altcrua
863 1635 891 1685 t'n
921 1633 1035 1686 ortlucra
1064 1632 1136 1684 laeto
1165 1632 1257 1684 Mane

88 1705 173 1751 ructet.
192 1697 286 1749 Manil.
305 1697 351 1762 IV,
373 1701 428 1751 173.
459 1673 610 1767 aditusque
639 1701 743 1753 cruratr'
770 1706 865 1753 coeunt
890 1701 920 1753 in
936 1701 1050 1754 cultura
1068 1701 1174 1765 fratrea
1191 1701 1256 1752 cett.

88 1764 239 1831 Conington
269 1765 363 1817 laudat
380 1765 437 1819 Liv.
456 1766 553 1830 XXVI,
575 1771 616 1819 44.
645 1768 675 1820 ia
704 1767 818 1821 6666666
847 1787 880 1822 ac
907 1767 962 1821 tela
988 1773 1077 1820 ruunt.
1115 1766 1256 1821 (idatium

87 1848 168 1899 supra
186 1831 245 1897 VII,
264 1836 304 1885 42.
325 1840 401 1885 actos
418 1834 447 1885 ia
463 1835 563 1898 funcra
580 1852 664 1900 repes.
684 1864 715 1873 -
733 1831 796 1895 529.
825 1836 895 1899 666,
925 1840 1042 1898 666666,
1068 1850 1131 1887 narn
1151 1835 1254 1887 Murra-

88 1916 147 1964 nus,
177 1915 254 1967 quom
282 1900 416 1962 interficit,
447 1900 561 1953 Latinus
580 1905 630 1955 est.
666 1900 708 1954 cf.
726 1903 808 1955 etiam
826 1903 896 1956 infra
914 1919 937 1955 r.
956 1905 1005 1955 638
1027 1920 1039 1955 6
1060 1943 1065 1954 .
1084 1932 1117 1940 -
1133 1919 1256 1953 66666-

30 1977 33 1983 ·
88 1975 162 2026 tcru,
194 1970 356 2034 crepantem,
389 1967 545 2021 iactantem.
580 1968 621 2022 cf.
652 1968 756 2023 adnott.
786 1969 860 2032 661,
884 1974 941 2024 328.
971 1919 1110 2043 Hordbat.
1130 1969 1151 2033 Ι,
1171 1972 1195 2030 4,
1215 1972 1256 2021 44.

88 2034 164 2087 ond.
181 2035 245 2087 Met.
264 2033 296 2096 X,
317 2037 377 2086 205.
396 2037 423 2087 66
441 2035 501 2087 Am.
521 2035 572 2097 Ill,
592 2039 673 2103 1,64.
701 2036 794 2090 Claud.
812 2038 857 2093 VI.
877 2038 955 2091 (lons.
974 2038 1044 2090 Han.
1064 2040 1121 2090 loa.
1139 2065 1172 2073 —
1190 2034 1254 2096 530.

88 2102 222 2154 6666666
240 2103 396 2169 uictique,
422 2103 439 2156 i.
459 2119 481 2156 e.
501 2102 582 2165 clara,
611 2103 730 2157 illustria
749 2104 811 2170 (vid.
830 2105 865 2159 ad
882 2105 904 2166 Ι,
926 2106 985 2172 12),
1005 2103 1174 2172 quodetiam
1193 2103 1257 2155 sirn-

87 2168 148 2235 pler
166 2186 262 2221 nornen
280 2169 415 2222 interdurn
435 2170 585 2237 significare
614 2174 729 2224 constat.
766 2171 850 2228 Tbiel.
869 2173 973 2226 confert
991 2172 1081 2225 Iuven.
1104 2171 1180 2235 VIII,
1200 2174 1256 2223 432.

88 2239 115 2290 66
135 2239 193 2288 272.
222 2235 298 2290 Ouid.
318 2236 400 2288 Trist.
418 2237 465 2299 IV,
483 2242 508 2302 4,
528 2242 549 2291 l.
579 2240 607 2290 66
624 2239 685 2293 Am.
701 2238 723 2301 Ι,
744 2242 767 2301 3,
787 2245 811 2294 7.
847 2240 1007 2293 Simillimus
1031 2237 1164 2291 66616666
1184 2238 1256 2290 Mar-

88 2303 145 2357 tial.
166 2303 198 2364 V,
219 2307 258 2368 47,
280 2306 301 2357 l.
324 2304 398 2356 Dum
413 2322 537 2372 proavos
558 2312 707 2374 atavosque
722 2309 813 2370 resera
829 2309 869 2360 ad
885 2309 995 2361 rroruiua
1013 2323 1119 2373 666666.
1155 2303 1196 2357 cf.
1216 2307 1258 2356 et·

87 2372 141 2423 iam
159 2370 233 2423 locus
250 2370 345 2423 similis
363 2370 428 2424 Aen.
446 2372 498 2434 Ill,
517 2375 568 2433 98,
588 2372 657 2425 unde
675 2372 793 2440 aliquam
811 2373 1011 2443 probabilitatis
1028 2372 1143 2440 speciem
1159 2370 1258 2438 accipit

88 2437 268 2505 Peerlkampii
286 2438 437 2491 coniectura
454 2446 550 2491 atavos
567 2447 719 2500 atavorum,
749 2442 865 2507 6666666
881 2459 903 2492 c.
921 2442 958 2492 N.
980 2471 1009 2478 —
1027 2457 1128 2506 perusa
1151 2445 1258 2491 actum

89 2508 231 2572 (exactum,
250 2505 372 2568 ductum)
388 2522 450 2573 per
467 2523 561 2572 66666
580 2507 742 2574 16666666·
769 2505 967 2569 „descendebat
985 2506 1010 2559 ei
1027 2521 1112 2574 genus
1151 2521 1179 2558 er
1196 2521 1258 2559 con·

88 2573 192 2626 tinuam
224 2573 319 2625 seriem
350 2572 504 2639 regulorum
533 2573 719 2627 Latinorum.“
761 2573 856 2640 cha.
893 2573 1024 2628 Similiter
1051 2572 1119 2626 Clau
1141 2612 1147 2624 .
1173 2571 1195 2637 Ι,
1216 2575 1257 2625 15.

89 2640 146 2693 Per
162 2642 254 2705 succes
271 2649 449 2693 premerentur
466 2641 520 2693 cvi.
555 2640 660 2694 Peerlk.
679 2640 736 2693 sine
754 2640 828 2693 iusta
845 2657 927 2695 66666
949 2640 1015 2695 coni.
1033 2648 1142 2693 auctum
1159 2657 1257 2708 petus,-

16 2764 18 2766 ,
92 2712 123 2761 66
142 2723 235 2760 sensus
254 2707 303 2760 sit:
331 2708 404 2769 „Rex
422 2706 476 2759 fuit
493 2708 567 2776 origo
584 2707 682 2775 gentis,
701 2708 759 2761 nati
777 2711 805 2761 66
821 2710 946 2762 natorum
964 2707 1032 2769 nati,
1050 2724 1155 2776 semper
1173 2724 1258 2776 reges,

59 2768 77 2792 ⁸
91 2792 176 2843 genus
194 2790 298 2840 auxere,
325 2783 534 2842 propagavere.“
570 2775 695 2829 Ceterum
712 2793 795 2843 66666
812 2776 910 2843 pendet
927 2792 944 2829 a
960 2783 1108 2839 certantem,
1138 2791 1192 2830 666
1210 2791 1257 2828 no·

91 2843 155 2895 mini
174 2841 295 2895 Murrani
312 2859 359 2911 per
376 2841 571 2909 appositionem
589 2842 753 2910 adiungitur,
784 2843 855 2912 quod
879 2845 907 2897 66
923 2844 1012 2924 ipsum
1030 2843 1168 2912 probabile
1186 2843 1258 2895 vide-

91 2914 136 2963 tur
153 2911 237 2963 Conin
257 2909 314 2962 toni
344 2909 511 2978 comparanti
530 2910 592 2964 Hor.
610 2911 666 2964 Sat.
684 2911 721 2975 11,
740 2915 762 2970 5,
783 2912 951 2965 62166666
967 2911 1080 2965 Parata
1098 2911 1257 2976 borrcmtus,

90 2978 124 3030 66
153 2977 210 3030 ulto
271 2977 394 3029 emiseram
422 2994 506 3043 66666
533 2977 634 3032 Actaea.
665 3008 698 3016 -
727 2977 789 3038 531.
819 2978 967 3048 Scapula
997 2985 1094 3046 atque
1122 2976 1258 3029 turbiue

90 3045 172 3100 cuci.
208 3043 267 3097 Vid.
287 3044 461 3111 66126569,
480 3075 513 3083 -
531 3046 678 3107 turbiue,
703 3045 720 3098 i.
739 3062 764 3113 q.
782 3046 864 3106 iactu,
892 3046 1020 3099 adiuncta
1037 3048 1127 3097 tamen
1146 3042 1259 3096 rotatio·

91 3112 133 3165 uis
167 3111 281 3164 notione.
316 3113 356 3165 Cl.
386 3111 433 3173 XI,
462 3110 656 3172 284.-532.
688 3113 829 3166 Excutit
857 3113 1073 3181 effunditque
1096 3110 1178 3164 eolo.
1215 3109 1257 3163 of.

91 3179 124 3241 Χ,
142 3183 200 3232 574.
233 3180 343 3247 Repetit
367 3178 433 3233 haec
462 3180 544 3232 verba
565 3179 689 3246 (adiectis
706 3180 827 3233 mititte
844 3179 953 3233 6666666
969 3181 1018 3232 Ad
1034 3180 1145 3245 6666666)
1165 3179 1258 3230 auctor

91 3264 170 3300 carm.
201 3247 227 3298 in
246 3247 328 3299 Anth.
346 3247 407 3300 Lat.
425 3246 447 3309 1,
466 3250 508 3309 45,
529 3251 568 3301 15.
586 3276 617 3284 -
635 3247 718 3299 burro
744 3247 822 3300 lora
851 3250 902 3300 etc.
942 3245 1122 3310 „Provolutus
1152 3245 1260 3298 616666

91 3316 184 3367 subter
213 3331 329 3380 currum,
362 3312 508 3381 impeditus
538 3313 650 3368 habenis
670 3316 698 3367 et
716 3315 795 3367 rotis:
824 3313 866 3367 his
884 3314 991 3393 quidem
1010 3329 1137 3381 equorum
1155 3313 1259 3379 impetu

92 3382 239 3446 ruentibus,
257 3381 312 3435 illis
330 3383 421 3435 autern
439 3398 486 3434 seu
503 3397 586 3435 manu
603 3382 702 3451 elapsis
717 3398 765 3436 seu
782 3381 874 3435 manui
894 3381 1042 3450 implicitis,
1063 3386 1095 3433 ut
1111 3380 1196 3448 igitur
1208 3378 1260 3432 66-

92 3449 153 3518 plici
171 3465 202 3503 66
219 3449 321 3503 ratione
335 3450 427 3502 subter
438 3448 511 3518 luga,
524 3450 573 3503 sub
587 3465 694 3503 currum
704 3449 936 3517 provolverentur;
947 3452 975 3502 et
986 3448 1044 3502 lora
1061 3451 1089 3500 et
1106 3450 1181 3501 rotae
1199 3463 1259 3501 eum

102 3517 253 3570 ‚revolvunt
270 3518 363 3570 subter
381 3517 453 3585 iuga,
480 3521 615 3570 currum.“
649 3517 739 3584 Hcpa.
773 3516 883 3570 Rectius
902 3517 994 3582 (ctiam
1011 3516 1145 3583 Wagnero
1163 3514 1259 3579 iudice)

119 3583 226 3638 einrich.
261 3585 342 3639 verba
377 3585 416 3638 ita
450 3584 571 3638 ordinat:
612 3586 683 3638 tuuc
715 3591 793 3637 rotare
823 3586 985 3654 6666666666
1017 3585 1108 3636 subter
1140 3583 1205 3635 lora
1237 3588 1263 3634 ct

92 3652 173 3720 trapa,-
208 3652 288 3712 rotis,
322 3652 338 3706 i.
368 3669 388 3707 e.
420 3668 499 3706 curru
529 3651 591 3719 (vid.
620 3651 655 3706 ad
685 3651 749 3706 666,
777 3651 833 3716 ΙΙΙ,
865 3654 945 3719 176),
981 3666 1104 3704 excussas
1139 3649 1259 3711 habenis,

92 3736 160 3787 quae
190 3719 224 3772 66
253 3722 353 3773 terram
384 3719 562 3780 defluxerant,
597 3719 742 3787 impeditus
776 3721 819 3772 est
848 3722 876 3772 et
909 3719 1001 3773 subter
1031 3734 1112 3787 equos
1138 3716 1262 3797 provolu-

92 3791 152 3851 tus,
183 3790 214 3837 66
243 3786 328 3853 igitur
376 3788 462 3855 roprie
500 3787 602 3840 dictum
636 3787 673 3839 sit
705 3787 794 3838 subter
823 3786 899 3854 6666,
933 3786 1022 3839 minus
1055 3801 1174 3854 proprie,
1209 3799 1262 3837 non

39 3881 47 3900 .
93 3856 184 3906 tamen
217 3853 307 3920 inepte
341 3804 374 3907 66
403 3855 480 3923 quasi
512 3870 559 3923 per
594 3869 717 3922 zeugma,
751 3855 841 3906 utdtcr
875 3856 950 3916 lora,
987 3869 1098 3933 eamque
1130 3852 1262 3906 rationem

94 3920 176 3973 etiam
195 3919 345 3987 Conington
374 3923 505 4001 sequitur.
540 3922 568 3976 Si
592 3924 682 3975 tamen
701 3921 765 3974 loru
782 3936 842 3973 curn
859 3921 963 3975 Peerlk.
980 3921 1126 3990 accipimus
1143 3920 1176 3973 de
1193 3918 1264 3971 funi-

93 3989 152 4050 bus,
172 3987 218 4056 qui
235 4003 316 4055 equus
334 4004 424 4041 currm
440 3990 568 4057 iungunt,
587 3989 669 4042 etiarn
687 3987 752 4042 haec
770 3989 851 4042 verba
868 3993 982 4056 possunt
1000 3989 1105 4057 proprie
1126 3986 1198 4040 dicta
1216 3986 1264 4037 ha-

92 4056 163 4118 beri,
183 4055 220 4108 sic
239 4055 308 4107 enirn
327 4056 420 4109 subter
437 4057 508 4123 lora,
528 4057 623 4124 quibus
642 4057 734 4124 iugum
752 4055 787 4108 ad
806 4056 940 4109 temonem
958 4056 1100 4124 alligatum
1120 4055 1187 4114 erat,
1205 4068 1265 4119 pro-

92 4123 163 4177 volvi
181 4127 209 4176 66
226 4139 242 4175 6
261 4123 451 4189 posterioribus
464 4140 592 4192 equorum
604 4122 712 4192 ungulis
725 4122 872 4191 proculcari
884 4125 1001 4191 poterat,
1019 4139 1098 4190 quam
1111 4119 1266 4189 explicatio·

93 4208 154 4245 neur
184 4190 266 4244 etiarn
285 4189 381 4258 Wagn.
408 4189 436 4242 in
468 4194 568 4244 recent.
587 4191 660 4254 elit,
688 4189 793 4245 Laden.
821 4193 850 4244 et
866 4190 984 4246 Benoist.
1004 4189 1213 4258 amplectuntur.
1232 4217 1265 4226 -

92 4257 158 4319 634.
189 4259 278 4311 Verba
306 4257 345 4310 sic
374 4259 511 4312 construes
541 4260 646 4323 capula
671 4257 757 4310 incita
782 4274 832 4310 acc
849 4259 955 4312 domitii
971 4274 1118 4310 necatorum
1135 4273 1266 4324 equorum

94 4327 189 4380 666666
215 4325 300 4394 pulsu
327 4341 409 4394 cuper
434 4324 587 4393 proculcat.
623 4324 766 4378 Commata
786 4325 868 4393 vulgo
886 4329 949 4394 post
966 4326 1056 4378 Iucr'ta
1076 4326 1104 4376 et
1122 4340 1267 4375 morum

94 4394 185 4464 posita
197 4410 257 4447 cum
271 4392 359 4446 Rublr.
374 4391 467 4453 delevi,
486 4408 548 4445 narn
561 4411 609 4444 uec
620 4409 766 4446 suanorum
777 4395 820 4446 cst
831 4392 848 4446 i.
862 4409 887 4461 q.
900 4395 927 4447 et
941 4391 1068 4461 iquidem,
1087 4389 1266 4459 6666666616-

94 4477 251 4522 memorum‚
284 4460 354 4529 quod
382 4459 435 4513 iam
455 4458 528 4513 Serv.
548 4459 681 4513 intellexit
700 4459 743 4520 (cl.
761 4459 842 4513 etiam
864 4460 968 4514 adnott.
990 4459 1025 4512 ad
1043 4457 1147 4520 Geel,
1167 4460 1222 4521 142,
1241 4459 1269 4510 66

94 4531 159 4582 Aen.
179 4528 328 4594 ΠΙ,619.).
364 4527 544 4581 Consentiunt
575 4543 679 4580 mecum
697 4526 803 4581 Laden.
824 4530 852 4582 et
870 4527 1036 4594 Coningtom
1068 4541 1154 4595 neque
1182 4525 1267 4586 video,

95 4613 143 4650 cur
161 4594 258 4664 Wagn.
288 4595 321 4649 66
340 4595 389 4649 hac
408 4611 436 4649 re
457 4596 582 4649 dubitare
600 4595 724 4663 potuerit.
758 4595 802 4648 Cf.
822 4593 895 4648 Cort.
917 4594 951 4647 66
970 4595 1070 4647 Lucan.
1088 4594 1110 4660 I,
1130 4595 1170 4646 66.
1190 4595 1218 4646 66
1237 4591 1269 4655 V,

97 4667 153 4717 153.
175 4661 299 4734 idemque
316 4663 351 4718 ad
371 4663 434 4720 Sall
454 4664 514 4718 Cat.
533 4667 575 4718 24.
591 4680 609 4716 6
627 4660 729 4717 Tbielio
747 4663 835 4726 laud.;
860 4662 905 4730 qui
926 4661 1008 4717 etiam
1025 4661 1138 4717 aaran
1156 4676 1271 4715 courme-
