2872 5070
508 272 623 340 Clitis
645 297 674 337 v.
699 278 884 340 eae—413.

110 441 153 505 Et
175 438 311 524 cupidas
335 461 444 503 secum
466 438 597 525 rapiens
616 437 757 504 Galatea
778 462 924 523 sorores3

110 518 203 588 Illam
228 525 334 604 etiam,
354 522 472 587 iunctis
497 543 650 608 magnum
673 545 757 610 quac
779 523 925 611 piscibus
948 547 1068 610 aequor

109 607 153 670 Et
174 605 289 691 glauco
313 603 466 692 bipedum
489 627 586 670 curru
608 609 739 672 metitur
760 630 923 694 equorum,

111 687 296 753 Leucothea
317 710 504 776 parvusque
525 687 588 753 dea
610 710 682 754 cum
705 699 808 755 matre
829 690 1023 774 Palaemon3

108 772 201 836 Illam
225 773 321 835 etiam
344 770 486 836 alternas
508 772 614 836 sortiti
635 773 749 838 vivere
770 773 857 838 luces

111 855 198 921 Cara
218 855 305 918 lovis
326 853 463 934 soboles,
486 875 640 940 magnum
659 854 748 920 Iovis
770 857 1012 939 incrementum,

111 936 324 1023 Tyndaridae
347 938 459 1001 niveos
481 937 640 1001 mirantur
660 938 798 1024 virginis
821 949 922 1004 artus.

110 1021 180 1084 Has
204 1018 284 1085 adeo
307 1042 403 1085 voces
425 1028 522 1107 atque
543 1019 624 1085 haec
645 1019 786 1086 lamenta
804 1043 868 1121 per
887 1045 984 1087 auras
1071 1046 1072 1049 ¹

109 1103 280 1169 Fluctibus
302 1105 335 1167 in
357 1102 472 1167 mediis
516 1115 610 1169 uestu
628 1103 782 1169 volvebat
802 1107 901 1188 mani,

108 1187 161 1251 Ad
183 1184 307 1250 caelum
329 1186 442 1250 infelix
464 1125 613 1251 addentia
633 1186 756 1252 lumina
775 1187 922 1270 tendens,

108 1269 264 1334 Lumina:
283 1292 358 1334 nam
380 1279 509 1334 teneras
531 1269 688 1335 arcebant
708 1270 840 1336 vincula
861 1271 1003 1359 palmast

189 1351 411 1439 „supprimite
433 1376 451 1418 o
474 1352 605 1439 paulum
627 1352 749 1419 turbati
772 1354 906 1420 flamina
923 1355 1022 1436 venti,

107 1437 196 1500 Dum
218 1457 336 1533 queror
356 1446 388 1501 et
409 1435 503 1500 divos
526 1472 568 1482 -
592 1458 787 1524 quamquam
807 1437 853 1503 nil
875 1436 1013 1503 testibus
1035 1437 1099 1503 illis

107 1519 235 1584 Proieci
258 1528 467 1584 -extrema
489 1521 631 1584 moriens
651 1529 759 1586 tamen
781 1520 940 1606 adloquor
962 1520 1053 1586 hora.

106 1602 175 1667 Vos
198 1624 215 1665 e
239 1625 268 1683 o,
289 1625 348 1666 vos
370 1601 461 1684 adeo,
483 1604 583 1684 venti,
605 1603 759 1684 testabor,
781 1614 813 1669 et
834 1627 943 1687 aurae,

106 1685 184 1766 Vos,
235 1684 389 1750 andionia
411 1685 437 1749 si
458 1687 512 1772 qui
533 1684 574 1750 de
595 1695 692 1771 gente
713 1688 841 1770 venitis,

108 1768 264 1832 Cernitis:
286 1767 343 1832 illa
365 1790 424 1854 ego
448 1790 518 1831 sum
541 1777 681 1854 cognato
703 1771 863 1855 sanguine
886 1769 980 1836 vobis

106 1849 216 1936 Scylla
238 1888 276 1897 -
300 1850 388 1938 quod
409 1873 427 1915 o
448 1849 540 1915 salva
559 1851 657 1917 liceat
681 1862 712 1917 te
733 1853 842 1918 dicere
864 1854 992 1919 Procne
1017 1893 1064 1931 —,

106 1933 168 1997 Illa
189 1956 250 2018 ego
272 1957 342 1998 sum
364 1934 434 1998 Nisi
455 1932 606 2020 pollentis
628 1935 695 2000 filia
717 1935 890 2022 quondam,

108 2016 266 2083 Certatim
288 2039 328 2080 ex
351 2018 437 2081 omui
460 2018 554 2102 petiit
575 2040 671 2105 quani
695 2017 836 2084 Graecia
857 2041 969 2104 reguo,

109 2099 183 2178 Qua
205 2121 323 2163 curvus
346 2110 450 2164 terras
473 2100 683 2187 amplectitur
706 2101 954 2189 Hellespontum

105 2314 169 2377 303.
191 2315 231 2370 De
249 2315 398 2370 Galatea
417 2315 471 2371 vid.
491 2315 526 2369 ad
544 2316 600 2370 llcl.
619 2316 680 2380 vii,
701 2320 742 2371 37.
762 2320 801 2387 (et
818 2321 884 2374 Aen.
896 2318 944 2382 IX,
966 2321 1041 2383 icil.
1058 2349 1088 2357 -
1101 2318 1132 2374 V.
1153 2317 1234 2380 394⁸
1254 2336 1279 2389 q.

105 2384 175 2438 attin
198 2384 219 2436 it
237 2386 316 2452 poeta
336 2383 456 2437 fabulam
476 2383 508 2436 de
526 2384 576 2437 Ino
595 2386 624 2437 et
642 2383 790 2442 Melicerta.
811 2387 851 2440 cf.
870 2387 974 2441 aduott.
993 2386 1027 2440 ad
1045 2385 1143 2450 Geel,
1163 2388 1222 2439 131.
1236 2335 1282 2465 let

106 2458 170 2505 Aen.
211 2490 218 2512 ‚
232 2454 309 2515 eiii.
329 2450 431 2505 Illam
450 2449 540 2504 eOod.
554 2450 637 2504 Rehd.
651 2452 773 2505 restituit
784 2453 884 2533 soltga
904 2453 984 2523 uulgo
997 2452 1062 2506 Illo.
1082 2452 1199 2521 Quisque
1211 2468 1282 2507 enim

105 2517 187 2582 videt,
207 2534 237 2571 ei
255 2534 279 2571 v.
299 2521 356 2571 392.
375 2533 406 2571 su
443 2517 552 2572 lendum
571 2534 628 2573 esse
647 2519 771 2572 miratur.
791 2549 823 2557 -
840 2521 965 2573 ricantia
1007 2520 1151 2586 iacitur,
1177 2519 1220 2574 dol
1239 2518 1281 2574 hi·

106 2587 156 2641 nis.
193 2585 253 2637 Vid.
271 2585 386 2641 Gronov.
406 2533 483 2639 blas.
503 2585 524 2647 1,
545 2589 584 2639 ii.
610 2602 638 2654 p.
658 2588 724 2666 142,
774 2538 1083 2666 ᾳίιοοι11οτ11ᾘουι111.·1,
1103 2592 1127 2652 5,
1146 2590 1187 2640 46.
1219 2537 1280 2642 den.

104 2602 1280 2783 91·119991010111111199101119·

107 2753 163 2843 ilos
184 2719 255 2842 ucliiii
272 2737 468 2843 receiltioiibus
486 2761 635 2866 editoribus
644 2759 823 2868 :restituimiis
842 2790 988 2844 ceterorum
1007 2738 1281 2870 &dulcor-lisinii]

106 2887 139 2894 -
157 2854 223 2916 397.
253 2854 344 2919 „Nota
368 2854 460 2908 tabula
478 2853 510 2908 de
529 2854 679 2916 Dioscuns‚
698 2871 804 2909 summa
821 2858 879 2911 arte
897 2858 1018 2911 tractata
1035 2873 1051 2911 a
1068 2857 1186 2913 Pindaro
1203 2856 1280 2912 Nem.

108 2923 140 2977 X.
177 2922 218 2977 cf.
236 2922 303 2976 Aen.
322 2921 368 2987 VI,
389 2924 445 2975 121.
482 2921 534 2976 Per
576 2922 695 2993 rolepsin
713 2923 856 2978 Dioscorus
883 2923 912 2976 in
941 2923 991 2979 hac
1020 2926 1110 2980 aetate
1128 2925 1281 2991 memorari,

125 2991 169 3044 uia
199 2990 389 3069 navigantibus
420 2989 529 3053 adsunt,
558 2939 639 3045 lacile
667 2989 830 3070 1111111151.ιι
868 2991 955 3061 Heya.
991 2991 1118 3072 Ceterum
1136 2992 1219 3046 etiam
1237 2991 1281 3047 hic

106 3008 193 3126 liliig.
225 3074 286 3111 cuni
303 3057 395 3112 Heius.
428 3059 456 3111 et
474 3057 577 3125 Heynio
596 3057 684 3112 Illam
701 3007 786 3112 edidi
822 3074 851 3112 ro
870 3059 941 3138 vulg.
961 3058 1023 3116 lla.
1044 3091 1075 3098 —
1093 3058 1125 3114 V.
1144 3058 1219 3122 398,
1249 3075 1281 3114 ex

106 3126 162 3180 Ilcl.
181 3126 227 3189 IV,
245 3129 286 3179 49.
324 3125 415 3187 etitus,
446 3124 549 3194 Heano
568 3126 603 3180 ab
621 3124 676 3180 alia
693 3126 798 3179 manu'
824 3128 886 3179 atus
906 3126 1021 3193 ridetur,
1051 3127 1079 3180 in
1120 3142 1154 3180 uo
1170 3142 1233 3181 cuni
1250 3142 1281 3181 eo

107 3192 244 3248 consentit
260 3142 337 3247 Pili.
355 3193 373 3248 1.
393 3192 410 3246 1.
441 3192 573 3262 imprimis
603 3195 715 3263 propter
739 3194 911 3322 peminatum
929 3193 1014 3257 Iovia,
1044 3143 1119 3314 ppod
1140 3193 1168 3247 iii
1186 3192 1280 3249 codem

110 3260 173 3315 Eclo
193 3277 225 3315 ac
254 3276 334 3315 versu
362 3274 416 3314 non
433 3260 549 3328 legatur.
570 3289 602 3299 -
619 3259 681 3314 Vis.
700 3259 739 3321 40
761 3302 767 3315 .
787 3263 814 3315 et
831 3258 896 3321 403.
916 3276 947 3315 ex
963 3261 1030 3314 Aen.
1078 3260 1281 3323 ,1051110

106 3278 242 3396 translati,
272 3328 318 3381 ubi
348 3326 402 3381 vid.
427 3327 535 3407 adpeti
571 3326 658 3392 Quare
675 3327 763 3398 Sillig.
793 3327 864 3396 vulg.
884 3329 982 3383 tollam
999 3344 1030 3382 ex
1048 3327 1130 3383 (lodd.
1148 3278 1233 3384 Reli.
1254 3332 1282 3384 et

108 3396 223 3449 Helmst.
242 3398 314 3449 recte
332 3396 449 3449 mutavit
466 3411 493 3448 in
514 3397 633 3449 tandem.
652 3425 685 3435 -
702 3393 760 3455 404
777 3412 813 3474 sq
829 3437 835 3449 .
854 3395 1004 3460 „Lamenta
1022 3394 1088 3450 haec
1107 3394 1210 3465 Scyllae
1227 3411 1282 3451 non

107 3465 205 3516 sunta
243 3466 305 3517 oeta
322 3461 455 3517 tenuioris
472 3462 572 3532 ingenii
589 3464 724 3531 prolecta3
757 3411 892 3518 desideres
917 3463 995 3517 modo
1013 3461 1133 3543 severius
1151 3462 1282 3543 iudicium

107 3529 134 3580 in
149 3528 222 3584 deleo
272 3546 361 3584 rerum
379 3533 408 3585 et
425 3529 650 3584 sententiarum.“
685 3530 775 3601 Heyn.
795 3560 827 3569 -
844 3531 987 3592 turbati,
1015 3529 1126 3592 turbidi,
1144 3531 1279 3587 concitati.

108 3626 138 3634 -
158 3595 299 3659 1131405.
319 3596 431 3658 ettilo.
463 3613 494 3652 ex
512 3596 568 3651 Eoi.
588 3596 661 3665 VIII,
682 3601 713 3652 19
731 3617 769 3653 s.
800 3598 916 3668 sumpti,
945 3598 992 3654 ubi
1018 3598 1071 3653 rid.
1089 3598 1193 3653 adnott.
1228 3599 1285 3652 Dii

108 3670 184 3716 malea
214 3664 346 3719 referendi
375 3665 410 3718 ad
448 3666 539 3719 actum
556 3663 625 3719 illud
642 3665 715 3720 inter
760 3681 847 3720 inoeni
865 3666 893 3720 et
910 3665 1026 3735 Scyllam
1043 3666 1146 3721 Iactum
1167 3668 1201 3735 (v.
1226 3670 1283 3721 iai.

108 3733 135 3783 ot
154 3732 233 3795 414),
260 3731 287 3785 in
324 3749 358 3786 uo
377 3681 539 3786 conicienda
555 3731 644 3786 Minos
662 3733 725 3788 deos
745 3735 830 3789 testes
847 3732 911 3787 fidei
928 3749 993 3789 suae
1013 3733 1157 3789 advocasse
1175 3751 1283 3789 sunieri-

107 3798 157 3850 dus
186 3801 236 3853 est.
254 3829 284 3837 -
305 3750 371 3860 408.
401 3799 602 3853 Pandionia
619 3799 704 3870 Hoyu.
735 3818 766 3856 ex
796 3800 864 3854 coni.
886 3800 980 3864 edidit,
1013 3804 1062 3866 „ut
1080 3817 1143 3856 aves
1161 3803 1224 3871 sint,
1255 3801 1283 3856 iu

107 3882 175 3933 quas
202 3866 360 3935 cognatione
389 3865 497 3921 iunctae
516 3867 619 3921 Procne
647 3870 675 3922 ot
691 3867 842 3924 Philomela
868 3868 978 3923 fuerant
995 3870 1116 3924 mutatae
1136 3869 1181 3937 (cI.
1200 3886 1232 3924 su
1253 3885 1283 3924 ra

107 3950 131 3985 v.
151 3936 198 4013 199
217 3936 316 4013 sqq.),“
348 3935 376 3987 et
396 3934 522 4014 venitin
539 3934 668 4004 explicat:
699 3952 747 4005 per
763 3941 852 3990 aerem
869 3937 992 3991 volantes
1010 3936 1160 3992 occurritis.
1195 3885 1282 4005 siilig.

107 4003 209 4068 recepit
244 4000 333 4056 uidem
350 4001 419 4055 lianc
438 4005 627 4065 comecturam‚
646 4002 693 4057 sed
712 4004 769 4057 iure
786 4004 873 4058 locum
891 4005 1010 4059 nondum
1029 4005 1202 4073 persanatum
1221 4019 1281 4058 cen-

108 4073 157 4148 set.
194 4018 277 4147 (laid.
308 4070 440 4149 praebent
461 4070 622 4124 onomatica
639 4073 668 4150 et
686 4071 865 4139 numantiam
897 4071 979 4142 vulgo
996 4072 1022 4127 Ie
1042 4073 1139 4127 ebatur
1157 4071 1282 4150 Namari-

108 4144 182 4204 tiaa5
202 4135 299 4206 Scalig.
316 4152 381 4192 coni.
400 4138 543 4207 matutina,
560 4137 671 4192 licensis
694 4156 743 4192 voa
765 4138 955 4204 undantium,
974 4139 1014 4193 He
1057 4140 1130 4209 berg.
1148 4156 1198 4192 eoa
1219 4137 1283 4191 Ori·

108 4204 206 4283 thylae.
231 4234 263 4242 -
287 4202 350 4265 410.
375 4209 407 4258 o!
430 4205 490 4285 Silii
510 4244 520 4286 ·.
543 4221 574 4259 er
591 4204 676 4284 tlodd.
696 4205 752 4285 suis
774 4204 894 4260 restituit
910 4224 959 4277 pro
977 4207 1049 4275 vulg.
1067 4207 1111 4260 ali.
1134 4237 1163 4286 Τ
1181 4204 1284 4259 aclea

107 4279 202 4394 ui.
218 4287 329 4393 uni
347 4271 501 4409 tanin
520 4271 909 4422 iiiiiniifiinlt
923 4279 984 4396 iii
998 4275 1087 4421 ritu
1101 4273 1283 4409 rimu

107 4437 140 4445 -
159 4403 221 4466 412.
245 4406 331 4473 Quam
357 4423 448 4462 omnes
472 4408 600 4463 Graeciae
622 4424 698 4478 reges
722 4424 748 4462 in
772 4409 974 4464 matrimonium
997 4409 1139 4479 petierunt.
1176 4406 1282 4462 Grae·

108 4475 175 4528 eia:
204 4474 257 4530 vid.
286 4474 320 4529 ad
347 4473 404 4531 liei.
431 4476 457 4544 1,
481 4478 521 4528 62.
545 4475 592 4541 1V,
615 4479 655 4531 58.
683 4477 734 4530 ete.
763 4505 794 4515 -
819 4473 884 4538 413.
917 4479 986 4538 Qua
1012 4493 1133 4530 careae
1159 4482 1282 4529 terras.

110 4541 196 4611 Sillig.
230 4559 278 4612 pro
310 4542 360 4597 hao
389 4541 461 4623 vulg.
491 4542 606 4598 lectione
633 4558 647 4598 e
672 4542 754 4598 Oodd.
783 4543 868 4599 Rehd.
896 4546 924 4598 et
946 4543 1060 4598 Hehnat.
1087 4541 1173 4598 edidit
1197 4543 1284 4604 Quom

109 4627 209 4665 eurora
236 4611 326 4677 terrio,
357 4613 389 4664 ut
415 4609 421 4622 '
453 4612 499 4665 tur
525 4626 619 4665 sensus
651 4612 741 4682 (quem
764 4611 822 4680 ipse
845 4628 897 4666 non
923 4611 1041 4681 erponIt)
1061 4611 1105 4665 hie
1122 4611 1174 4666 sit:
1202 4626 1283 4691 quam

109 4679 201 4746 (nuno)
232 4677 405 4749 amplectitur
413 4625 635 4749 lgIlellospontuu,
674 4680 702 4736 et
736 4680 817 4735 tarra
844 4695 892 4749 per
928 4678 1121 4735 abundantiam
1157 4676 1282 4736 additum
