<?xml version="1.0" encoding="UTF-8"?>
<!DOCTYPE html PUBLIC "-//W3C//DTD XHTML 1.0 Transitional//EN"
    "http://www.w3.org/TR/xhtml1/DTD/xhtml1-transitional.dtd">
<html xmlns="http://www.w3.org/1999/xhtml" xml:lang="en" lang="en">
 <head>
  <title>
</title>
<meta http-equiv="Content-Type" content="text/html;charset=utf-8" />
  <meta name='ocr-system' content='tesseract 3.04.00' />
  <meta name='ocr-capabilities' content='ocr_page ocr_carea ocr_par ocr_line ocrx_word'/>
</head>
<body>
  <div class='ocr_page' id='page_1' title='image "./pvirgilimaronis00forbgoog_0469.png"; bbox 0 0 2872 5070; ppageno 0'>
   <div class='ocr_carea' id='block_1_1' title="bbox 508 274 909 341">
    <p class='ocr_par' dir='ltr' id='par_1_1' title="bbox 508 274 909 341">
     <span class='ocr_line' id='line_1_1' title="bbox 508 274 909 341; baseline 0 -1"><span class='ocrx_word' id='word_1_1' title='bbox 508 275 738 341; x_wconf 81' lang='lat' dir='ltr'><strong>AENEIDOS</strong></span> <span class='ocrx_word' id='word_1_2' title='bbox 763 274 844 341; x_wconf 84' lang='lat' dir='ltr'><strong>LIB.</strong></span> <span class='ocrx_word' id='word_1_3' title='bbox 867 274 909 340; x_wconf 90' lang='lat' dir='ltr'><strong>X.</strong></span> 
     </span>
    </p>
   </div>
   <div class='ocr_carea' id='block_1_2' title="bbox 127 440 1104 778">
    <p class='ocr_par' dir='ltr' id='par_1_2' title="bbox 127 440 990 524">
     <span class='ocr_line' id='line_1_2' title="bbox 127 440 990 524; baseline -0.007 -14"><span class='ocrx_word' id='word_1_4' title='bbox 127 444 350 511; x_wconf 80' lang='lat' dir='ltr'><strong>Circumstare</strong></span> <span class='ocrx_word' id='word_1_5' title='bbox 372 441 465 524; x_wconf 83' lang='lat' dir='ltr'><strong>odia3</strong></span> <span class='ocrx_word' id='word_1_6' title='bbox 484 441 580 523; x_wconf 90' lang='lat' dir='ltr'><strong>hunc,</strong></span> <span class='ocrx_word' id='word_1_7' title='bbox 601 465 667 521; x_wconf 90' lang='lat' dir='ltr'><strong>oro,</strong></span> <span class='ocrx_word' id='word_1_8' title='bbox 690 440 826 506; x_wconf 79' lang='lat' dir='ltr'><strong>defende</strong></span> <span class='ocrx_word' id='word_1_9' title='bbox 848 441 990 505; x_wconf 87' lang='lat' dir='ltr'><strong>furorem</strong></span> 
     </span>
    </p>

    <p class='ocr_par' dir='ltr' id='par_1_3' title="bbox 127 523 928 611">
     <span class='ocr_line' id='line_1_3' title="bbox 127 523 928 611; baseline -0.006 -17"><span class='ocrx_word' id='word_1_10' title='bbox 127 529 173 594; x_wconf 85' lang='lat' dir='ltr'><strong>Et</strong></span> <span class='ocrx_word' id='word_1_11' title='bbox 193 550 244 592; x_wconf 90' lang='lat' dir='ltr'><strong>me</strong></span> <span class='ocrx_word' id='word_1_12' title='bbox 267 534 449 592; x_wconf 84' lang='lat' dir='ltr'><strong>consortem</strong></span> <span class='ocrx_word' id='word_1_13' title='bbox 470 526 540 590; x_wconf 78' lang='lat' dir='ltr'><strong>neti</strong></span> <span class='ocrx_word' id='word_1_14' title='bbox 561 524 702 590; x_wconf 89' lang='lat' dir='ltr'><strong>concede</strong></span> <span class='ocrx_word' id='word_1_15' title='bbox 724 523 928 611; x_wconf 85' lang='lat' dir='ltr'><strong>sepulchro.“</strong></span> 
     </span>
    </p>

    <p class='ocr_par' dir='ltr' id='par_1_4' title="bbox 127 607 1104 778">
     <span class='ocr_line' id='line_1_4' title="bbox 128 607 1104 695; baseline -0.006 -19"><span class='ocrx_word' id='word_1_16' title='bbox 128 611 222 676; x_wconf 83' lang='lat' dir='ltr'><strong>Haec</strong></span> <span class='ocrx_word' id='word_1_17' title='bbox 242 609 384 695; x_wconf 89' lang='lat' dir='ltr'><strong>loquitur</strong></span> <span class='ocrx_word' id='word_1_18' title='bbox 405 607 577 694; x_wconf 85' lang='lat' dir='ltr'><strong>iuguloque</strong></span> <span class='ocrx_word' id='word_1_19' title='bbox 598 607 686 673; x_wconf 86' lang='lat' dir='ltr'><strong>haud</strong></span> <span class='ocrx_word' id='word_1_20' title='bbox 707 608 830 672; x_wconf 88' lang='lat' dir='ltr'><strong>inscius</strong></span> <span class='ocrx_word' id='word_1_21' title='bbox 853 607 975 693; x_wconf 86' lang='lat' dir='ltr'><strong>accipit</strong></span> <span class='ocrx_word' id='word_1_22' title='bbox 996 629 1104 671; x_wconf 81' lang='lat' dir='ltr'><strong>ensem</strong></span> 
     </span>
     <span class='ocr_line' id='line_1_5' title="bbox 127 690 992 778; baseline -0.008 -20"><span class='ocrx_word' id='word_1_23' title='bbox 127 693 345 778; x_wconf 86' lang='lat' dir='ltr'><strong>Undantique</strong></span> <span class='ocrx_word' id='word_1_24' title='bbox 366 692 507 756; x_wconf 83' lang='lat' dir='ltr'><strong>animem</strong></span> <span class='ocrx_word' id='word_1_25' title='bbox 528 690 680 756; x_wconf 84' lang='lat' dir='ltr'><strong>diffundit</strong></span> <span class='ocrx_word' id='word_1_26' title='bbox 700 692 733 756; x_wconf 91' lang='lat' dir='ltr'><strong>in</strong></span> <span class='ocrx_word' id='word_1_27' title='bbox 754 712 847 755; x_wconf 83' lang='lat' dir='ltr'><strong>erma</strong></span> <span class='ocrx_word' id='word_1_28' title='bbox 869 711 992 754; x_wconf 87' lang='lat' dir='ltr'><strong>cruore.</strong></span> 
     </span>
    </p>
   </div>
   <div class='ocr_carea' id='block_1_3' title="bbox 129 879 337 893">
    <p class='ocr_par' dir='ltr' id='par_1_5' title="bbox 129 879 337 893">
     <span class='ocr_line' id='line_1_6' title="bbox 129 879 337 893; baseline -0.005 -6"><span class='ocrx_word' id='word_1_29' title='bbox 129 879 337 893; x_wconf 85' lang='grc'><em>,,,.......-...-</em></span> 
     </span>
    </p>
   </div>
   <div class='ocr_carea' id='block_1_4' title="bbox 128 1003 1304 2355">
    <p class='ocr_par' dir='ltr' id='par_1_6' title="bbox 128 1003 1304 2355">
     <span class='ocr_line' id='line_1_7' title="bbox 130 1003 1299 1075; baseline -0.002 -15"><span class='ocrx_word' id='word_1_30' title='bbox 130 1022 213 1075; x_wconf 85' lang='lat' dir='ltr'><strong>supra</strong></span> <span class='ocrx_word' id='word_1_31' title='bbox 231 1023 257 1060; x_wconf 81' lang='lat' dir='ltr'><strong>v.</strong></span> <span class='ocrx_word' id='word_1_32' title='bbox 276 1009 333 1061; x_wconf 82' lang='grc'>558.</span> <span class='ocrx_word' id='word_1_33' title='bbox 362 1009 389 1061; x_wconf 87' lang='lat' dir='ltr'><strong>ct</strong></span> <span class='ocrx_word' id='word_1_34' title='bbox 406 1005 458 1073; x_wconf 88' lang='lat' dir='ltr'><strong>IX,</strong></span> <span class='ocrx_word' id='word_1_35' title='bbox 477 1008 534 1060; x_wconf 75' lang='lat'><strong>214.</strong></span> <span class='ocrx_word' id='word_1_36' title='bbox 552 1035 586 1045; x_wconf 95' lang='lat'>-</span> <span class='ocrx_word' id='word_1_37' title='bbox 608 1004 832 1067; x_wconf 51' lang='lat' dir='ltr'><strong>wacaeorum</strong></span> <span class='ocrx_word' id='word_1_38' title='bbox 855 1003 1083 1059; x_wconf 77' lang='lat' dir='ltr'><strong>Circumetcre</strong></span> <span class='ocrx_word' id='word_1_39' title='bbox 1113 1005 1209 1068; x_wconf 83' lang='lat' dir='ltr'><strong>odia,</strong></span> <span class='ocrx_word' id='word_1_40' title='bbox 1241 1003 1299 1059; x_wconf 73' lang='lat' dir='ltr'><strong>Le.</strong></span> 
     </span>
     <span class='ocr_line' id='line_1_8' title="bbox 130 1070 1299 1143; baseline -0.001 -16"><span class='ocrx_word' id='word_1_41' title='bbox 130 1092 214 1137; x_wconf 82' lang='lat' dir='ltr'><strong>meos,</strong></span> <span class='ocrx_word' id='word_1_42' title='bbox 243 1073 288 1143; x_wconf 88' lang='lat' dir='ltr'><strong>qui</strong></span> <span class='ocrx_word' id='word_1_43' title='bbox 308 1090 350 1127; x_wconf 91' lang='lat' dir='ltr'><strong>me</strong></span> <span class='ocrx_word' id='word_1_44' title='bbox 368 1071 489 1128; x_wconf 86' lang='lat' dir='ltr'><strong>oderunt</strong></span> <span class='ocrx_word' id='word_1_45' title='bbox 526 1073 565 1127; x_wconf 85' lang='lat' dir='ltr'><strong>cf.</strong></span> <span class='ocrx_word' id='word_1_46' title='bbox 584 1072 621 1136; x_wconf 85' lang='lat'><strong>11,</strong></span> <span class='ocrx_word' id='word_1_47' title='bbox 639 1076 698 1127; x_wconf 84' lang='grc'>559.</span> <span class='ocrx_word' id='word_1_48' title='bbox 716 1074 745 1126; x_wconf 88' lang='lat' dir='ltr'><strong>et</strong></span> <span class='ocrx_word' id='word_1_49' title='bbox 763 1071 883 1140; x_wconf 79' lang='lat' dir='ltr'><strong>Longius</strong></span> <span class='ocrx_word' id='word_1_50' title='bbox 901 1070 929 1126; x_wconf 82' lang='lat' dir='ltr'><strong>tn</strong></span> <span class='ocrx_word' id='word_1_51' title='bbox 949 1071 1036 1126; x_wconf 74' lang='lat' dir='ltr'><strong>Ver-m.</strong></span> <span class='ocrx_word' id='word_1_52' title='bbox 1055 1072 1198 1140; x_wconf 75' lang='lat' dir='ltr'><strong>Sohn’fteo</strong></span> <span class='ocrx_word' id='word_1_53' title='bbox 1215 1088 1239 1139; x_wconf 88' lang='lat' dir='ltr'><strong>p.</strong></span> <span class='ocrx_word' id='word_1_54' title='bbox 1261 1075 1299 1126; x_wconf 86' lang='lat'><strong>11.</strong></span> 
     </span>
     <span class='ocr_line' id='line_1_9' title="bbox 129 1139 1302 1210; baseline 0 -16"><span class='ocrx_word' id='word_1_55' title='bbox 129 1141 282 1210; x_wconf 77' lang='lat' dir='ltr'><strong>Conington</strong></span> <span class='ocrx_word' id='word_1_56' title='bbox 301 1141 405 1195; x_wconf 87' lang='lat' dir='ltr'><strong>confert</strong></span> <span class='ocrx_word' id='word_1_57' title='bbox 418 1142 477 1195; x_wconf 78' lang='lat' dir='ltr'><strong>Tac.</strong></span> <span class='ocrx_word' id='word_1_58' title='bbox 492 1140 562 1195; x_wconf 88' lang='lat' dir='ltr'><strong>Hist.</strong></span> <span class='ocrx_word' id='word_1_59' title='bbox 575 1139 598 1202; x_wconf 88' lang='grc' dir='ltr'><strong>Ι,</strong></span> <span class='ocrx_word' id='word_1_60' title='bbox 615 1142 653 1194; x_wconf 88' lang='grc'><strong>18.</strong></span> <span class='ocrx_word' id='word_1_61' title='bbox 689 1139 909 1194; x_wconf 76' lang='lat' dir='ltr'><strong>Oireurmtetcrot</strong></span> <span class='ocrx_word' id='word_1_62' title='bbox 919 1139 1026 1194; x_wconf 75' lang='lat' dir='ltr'><strong>interim</strong></span> <span class='ocrx_word' id='word_1_63' title='bbox 1033 1139 1172 1209; x_wconf 78' lang='lat' dir='ltr'><strong>palatium</strong></span> <span class='ocrx_word' id='word_1_64' title='bbox 1184 1139 1302 1209; x_wconf 62' lang='lat' dir='ltr'><strong>poetica</strong></span> 
     </span>
     <span class='ocr_line' id='line_1_10' title="bbox 129 1205 1300 1330; baseline -0.001 -68"><span class='ocrx_word' id='word_1_65' title='bbox 129 1208 304 1277; x_wconf 71' lang='lat' dir='ltr'><strong>exspectatio.</strong></span> <span class='ocrx_word' id='word_1_66' title='bbox 324 1237 357 1248; x_wconf 92' lang='lat'><strong>-·</strong></span> <span class='ocrx_word' id='word_1_67' title='bbox 375 1209 538 1272; x_wconf 77' lang='lat' dir='ltr'><strong>„defende</strong></span> <span class='ocrx_word' id='word_1_68' title='bbox 555 1207 624 1278; x_wconf 75' lang='lat' dir='ltr'><strong>[scit</strong></span> <span class='ocrx_word' id='word_1_69' title='bbox 643 1206 729 1330; x_wconf 53' lang='lat' dir='ltr'><strong>mihilj</strong></span> <span class='ocrx_word' id='word_1_70' title='bbox 742 1208 906 1287; x_wconf 67' lang='lat' dir='ltr'><strong>furorem,</strong></span> <span class='ocrx_word' id='word_1_71' title='bbox 935 1205 1063 1276; x_wconf 82' lang='lat' dir='ltr'><strong>propulsa</strong></span> <span class='ocrx_word' id='word_1_72' title='bbox 1091 1206 1153 1261; x_wconf 71' lang='lat' dir='ltr'><strong>odda</strong></span> <span class='ocrx_word' id='word_1_73' title='bbox 1180 1209 1209 1261; x_wconf 87' lang='lat' dir='ltr'><strong>et</strong></span> <span class='ocrx_word' id='word_1_74' title='bbox 1236 1206 1300 1271; x_wconf 75' lang='lat' dir='ltr'><strong>iras,</strong></span> 
     </span>
     <span class='ocr_line' id='line_1_11' title="bbox 130 1273 1300 1345; baseline -0.003 -16"><span class='ocrx_word' id='word_1_75' title='bbox 130 1276 272 1344; x_wconf 80' lang='lat' dir='ltr'><strong>quominus</strong></span> <span class='ocrx_word' id='word_1_76' title='bbox 290 1292 387 1345; x_wconf 81' lang='lat' dir='ltr'><strong>corpus</strong></span> <span class='ocrx_word' id='word_1_77' title='bbox 404 1292 493 1329; x_wconf 89' lang='lat' dir='ltr'><strong>meum</strong></span> <span class='ocrx_word' id='word_1_78' title='bbox 511 1274 676 1344; x_wconf 86' lang='lat' dir='ltr'><strong>insepultum</strong></span> <span class='ocrx_word' id='word_1_79' title='bbox 696 1274 825 1329; x_wconf 79' lang='lat' dir='ltr'><strong>ancient</strong></span> <span class='ocrx_word' id='word_1_80' title='bbox 853 1277 881 1328; x_wconf 89' lang='lat' dir='ltr'><strong>et</strong></span> <span class='ocrx_word' id='word_1_81' title='bbox 900 1275 971 1328; x_wconf 82' lang='lat' dir='ltr'><strong>male</strong></span> <span class='ocrx_word' id='word_1_82' title='bbox 1000 1273 1132 1329; x_wconf 77' lang='lat' dir='ltr'><strong>mulcent:</strong></span> <span class='ocrx_word' id='word_1_83' title='bbox 1165 1276 1207 1329; x_wconf 82' lang='lat' dir='ltr'><strong>est</strong></span> <span class='ocrx_word' id='word_1_84' title='bbox 1229 1277 1300 1326; x_wconf 77' lang='grc' dir='ltr'><strong><em>αἰκί-</em></strong></span> 
     </span>
     <span class='ocr_line' id='line_1_12' title="bbox 130 1340 1301 1412; baseline 0 -16"><span class='ocrx_word' id='word_1_85' title='bbox 130 1348 255 1405; x_wconf 74' lang='grc' dir='ltr'><strong>ζεσθαι.“</strong></span> <span class='ocrx_word' id='word_1_86' title='bbox 293 1343 382 1412; x_wconf 71' lang='lat' dir='ltr'><strong>Heyn.</strong></span> <span class='ocrx_word' id='word_1_87' title='bbox 417 1344 515 1412; x_wconf 80' lang='lat' dir='ltr'><strong>Wugn.</strong></span> <span class='ocrx_word' id='word_1_88' title='bbox 534 1342 567 1397; x_wconf 88' lang='lat' dir='ltr'><strong>dc</strong></span> <span class='ocrx_word' id='word_1_89' title='bbox 585 1342 635 1397; x_wconf 92' lang='lat' dir='ltr'><strong>hoc</strong></span> <span class='ocrx_word' id='word_1_90' title='bbox 652 1358 704 1396; x_wconf 86' lang='lat' dir='ltr'><strong>usn</strong></span> <span class='ocrx_word' id='word_1_91' title='bbox 721 1342 795 1397; x_wconf 83' lang='lat' dir='ltr'><strong>verbi</strong></span> <span class='ocrx_word' id='word_1_92' title='bbox 811 1345 847 1396; x_wconf 82' lang='lat' dir='ltr'><strong>de</strong></span> <span class='ocrx_word' id='word_1_93' title='bbox 863 1342 982 1396; x_wconf 79' lang='lat' dir='ltr'><strong>cudendi</strong></span> <span class='ocrx_word' id='word_1_94' title='bbox 998 1341 1113 1396; x_wconf 79' lang='lat' dir='ltr'><strong>conferri</strong></span> <span class='ocrx_word' id='word_1_95' title='bbox 1131 1341 1207 1396; x_wconf 86' lang='lat' dir='ltr'><strong>iubet</strong></span> <span class='ocrx_word' id='word_1_96' title='bbox 1219 1340 1301 1396; x_wconf 80' lang='lat' dir='ltr'><strong>Gros-</strong></span> 
     </span>
     <span class='ocr_line' id='line_1_13' title="bbox 128 1407 1300 1479; baseline 0 -17"><span class='ocrx_word' id='word_1_97' title='bbox 128 1409 194 1463; x_wconf 87' lang='lat' dir='ltr'><strong>belii</strong></span> <span class='ocrx_word' id='word_1_98' title='bbox 212 1409 289 1465; x_wconf 87' lang='lat' dir='ltr'><strong>Obss.</strong></span> <span class='ocrx_word' id='word_1_99' title='bbox 317 1411 346 1463; x_wconf 91' lang='lat' dir='ltr'><strong>in</strong></span> <span class='ocrx_word' id='word_1_100' title='bbox 363 1410 476 1478; x_wconf 85' lang='lat' dir='ltr'><strong>Scriptt.</strong></span> <span class='ocrx_word' id='word_1_101' title='bbox 493 1409 569 1465; x_wconf 82' lang='lat' dir='ltr'><strong>Rom.</strong></span> <span class='ocrx_word' id='word_1_102' title='bbox 595 1410 674 1464; x_wconf 80' lang='lat' dir='ltr'><strong>class.</strong></span> <span class='ocrx_word' id='word_1_103' title='bbox 705 1409 781 1479; x_wconf 84' lang='lat' dir='ltr'><strong>Spec.</strong></span> <span class='ocrx_word' id='word_1_104' title='bbox 855 1425 906 1477; x_wconf 89' lang='lat' dir='ltr'><strong>.p.</strong></span> <span class='ocrx_word' id='word_1_105' title='bbox 927 1412 967 1463; x_wconf 81' lang='lat'><strong>13.</strong></span> <span class='ocrx_word' id='word_1_106' title='bbox 1002 1407 1063 1462; x_wconf 89' lang='lat' dir='ltr'><strong>Vid.</strong></span> <span class='ocrx_word' id='word_1_107' title='bbox 1085 1409 1168 1464; x_wconf 82' lang='lat' dir='ltr'><strong>etiam</strong></span> <span class='ocrx_word' id='word_1_108' title='bbox 1195 1407 1300 1463; x_wconf 80' lang='lat' dir='ltr'><strong>ednott.</strong></span> 
     </span>
     <span class='ocr_line' id='line_1_14' title="bbox 129 1475 1300 1545; baseline -0.002 -14"><span class='ocrx_word' id='word_1_109' title='bbox 129 1476 165 1531; x_wconf 80' lang='lat' dir='ltr'><strong>ed</strong></span> <span class='ocrx_word' id='word_1_110' title='bbox 183 1477 237 1532; x_wconf 86' lang='lat' dir='ltr'><strong>Ecl.</strong></span> <span class='ocrx_word' id='word_1_111' title='bbox 256 1477 316 1541; x_wconf 89' lang='lat' dir='ltr'>VII,</span> <span class='ocrx_word' id='word_1_112' title='bbox 336 1482 377 1534; x_wconf 79' lang='grc'><strong>47.</strong></span> <span class='ocrx_word' id='word_1_113' title='bbox 398 1508 431 1517; x_wconf 78' lang='lat'><em>-</em></span> <span class='ocrx_word' id='word_1_114' title='bbox 449 1477 514 1538; x_wconf 75' lang='lat'>906.</span> <span class='ocrx_word' id='word_1_115' title='bbox 532 1494 577 1532; x_wconf 86' lang='lat' dir='ltr'><strong>me</strong></span> <span class='ocrx_word' id='word_1_116' title='bbox 594 1485 779 1532; x_wconf 80' lang='lat' dir='ltr'><strong>consortem</strong></span> <span class='ocrx_word' id='word_1_117' title='bbox 795 1480 937 1531; x_wconf 81' lang='lat' dir='ltr'><strong>concede</strong></span> <span class='ocrx_word' id='word_1_118' title='bbox 953 1475 1136 1545; x_wconf 74' lang='lat' dir='ltr'><strong>sepulchro</strong></span> <span class='ocrx_word' id='word_1_119' title='bbox 1159 1477 1235 1529; x_wconf 77' lang='lat' dir='ltr'><strong>nati</strong></span> <span class='ocrx_word' id='word_1_120' title='bbox 1251 1493 1300 1545; x_wconf 85' lang='lat' dir='ltr'><strong>pro</strong></span> 
     </span>
     <span class='ocr_line' id='line_1_15' title="bbox 129 1541 1300 1614; baseline -0.001 -16"><span class='ocrx_word' id='word_1_121' title='bbox 129 1544 204 1613; x_wconf 80' lang='lat' dir='ltr'><strong>vulg.</strong></span> <span class='ocrx_word' id='word_1_122' title='bbox 222 1562 264 1599; x_wconf 88' lang='lat' dir='ltr'><strong>rue</strong></span> <span class='ocrx_word' id='word_1_123' title='bbox 282 1547 432 1600; x_wconf 83' lang='lat' dir='ltr'><strong>consortem</strong></span> <span class='ocrx_word' id='word_1_124' title='bbox 450 1545 534 1600; x_wconf 81' lang='lat' dir='ltr'><strong>facies</strong></span> <span class='ocrx_word' id='word_1_125' title='bbox 552 1545 675 1614; x_wconf 84' lang='lat' dir='ltr'><strong>sepulcro</strong></span> <span class='ocrx_word' id='word_1_126' title='bbox 693 1545 759 1599; x_wconf 80' lang='lat' dir='ltr'><strong>nati.</strong></span> <span class='ocrx_word' id='word_1_127' title='bbox 795 1543 837 1598; x_wconf 81' lang='lat' dir='ltr'><strong>Cf.</strong></span> <span class='ocrx_word' id='word_1_128' title='bbox 856 1544 939 1598; x_wconf 82' lang='lat' dir='ltr'><strong>etism</strong></span> <span class='ocrx_word' id='word_1_129' title='bbox 956 1544 1072 1599; x_wconf 81' lang='lat' dir='ltr'><strong>Moerob.</strong></span> <span class='ocrx_word' id='word_1_130' title='bbox 1091 1543 1138 1608; x_wconf 90' lang='lat' dir='ltr'><strong>IV,</strong></span> <span class='ocrx_word' id='word_1_131' title='bbox 1149 1547 1172 1598; x_wconf 85' lang='grc'><strong>6.</strong></span> <span class='ocrx_word' id='word_1_132' title='bbox 1190 1573 1223 1582; x_wconf 93' lang='lat'><em>-</em></span> <span class='ocrx_word' id='word_1_133' title='bbox 1236 1541 1300 1604; x_wconf 79' lang='grc'><strong>907,</strong></span> 
     </span>
     <span class='ocr_line' id='line_1_16' title="bbox 129 1609 1301 1682; baseline -0.001 -17"><span class='ocrx_word' id='word_1_134' title='bbox 129 1614 224 1666; x_wconf 72' lang='lat' dir='ltr'><strong>harod</strong></span> <span class='ocrx_word' id='word_1_135' title='bbox 241 1614 375 1667; x_wconf 76' lang='lat' dir='ltr'><strong>inscius.</strong></span> <span class='ocrx_word' id='word_1_136' title='bbox 410 1613 450 1667; x_wconf 79' lang='lat' dir='ltr'><strong>ef.</strong></span> <span class='ocrx_word' id='word_1_137' title='bbox 469 1613 516 1675; x_wconf 83' lang='lat' dir='ltr'><strong>lx,</strong></span> <span class='ocrx_word' id='word_1_138' title='bbox 536 1618 594 1667; x_wconf 83' lang='grc'>552.</span> <span class='ocrx_word' id='word_1_139' title='bbox 625 1628 733 1682; x_wconf 76' lang='lat' dir='ltr'><strong>reteque</strong></span> <span class='ocrx_word' id='word_1_140' title='bbox 759 1612 839 1666; x_wconf 77' lang='lat' dir='ltr'><strong>haud</strong></span> <span class='ocrx_word' id='word_1_141' title='bbox 858 1613 950 1666; x_wconf 70' lang='lat' dir='ltr'><strong>meio</strong></span> <span class='ocrx_word' id='word_1_142' title='bbox 978 1612 1062 1665; x_wconf 79' lang='lat' dir='ltr'><strong>morti</strong></span> <span class='ocrx_word' id='word_1_143' title='bbox 1077 1612 1169 1665; x_wconf 71' lang='lat' dir='ltr'><strong>Inicit.</strong></span> <span class='ocrx_word' id='word_1_144' title='bbox 1185 1641 1218 1652; x_wconf 93' lang='lat'>-</span> <span class='ocrx_word' id='word_1_145' title='bbox 1235 1609 1301 1670; x_wconf 78' lang='lat'><strong>908.</strong></span> 
     </span>
     <span class='ocr_line' id='line_1_17' title="bbox 129 1679 1301 1749; baseline -0.003 -16"><span class='ocrx_word' id='word_1_146' title='bbox 129 1681 214 1749; x_wconf 77' lang='lat' dir='ltr'><strong>Heyn.</strong></span> <span class='ocrx_word' id='word_1_147' title='bbox 233 1681 315 1734; x_wconf 82' lang='lat' dir='ltr'><strong>verbu</strong></span> <span class='ocrx_word' id='word_1_148' title='bbox 331 1680 371 1735; x_wconf 90' lang='lat' dir='ltr'><strong>sic</strong></span> <span class='ocrx_word' id='word_1_149' title='bbox 386 1681 538 1749; x_wconf 81' lang='lat' dir='ltr'><strong>coniungit:</strong></span> <span class='ocrx_word' id='word_1_150' title='bbox 558 1681 679 1734; x_wconf 79' lang='lat' dir='ltr'><strong>animam</strong></span> <span class='ocrx_word' id='word_1_151' title='bbox 694 1680 727 1735; x_wconf 66' lang='lat' dir='ltr'><strong>aa·</strong></span> <span class='ocrx_word' id='word_1_152' title='bbox 748 1680 828 1734; x_wconf 70' lang='lat' dir='ltr'><strong>uertit</strong></span> <span class='ocrx_word' id='word_1_153' title='bbox 845 1697 906 1734; x_wconf 87' lang='lat' dir='ltr'><strong>cum</strong></span> <span class='ocrx_word' id='word_1_154' title='bbox 924 1679 1152 1734; x_wconf 77' lang='lat' dir='ltr'><strong>oreoreundonts&#39;</strong></span> <span class='ocrx_word' id='word_1_155' title='bbox 1168 1679 1199 1732; x_wconf 77' lang='lat' dir='ltr'><strong>ic</strong></span> <span class='ocrx_word' id='word_1_156' title='bbox 1214 1695 1301 1745; x_wconf 80' lang='lat' dir='ltr'><strong>arma,</strong></span> 
     </span>
     <span class='ocr_line' id='line_1_18' title="bbox 128 1745 1301 1816; baseline -0.003 -15"><span class='ocrx_word' id='word_1_157' title='bbox 128 1747 148 1801; x_wconf 92' lang='lat' dir='ltr'><strong>i.</strong></span> <span class='ocrx_word' id='word_1_158' title='bbox 167 1765 189 1801; x_wconf 90' lang='lat' dir='ltr'><strong>e.</strong></span> <span class='ocrx_word' id='word_1_159' title='bbox 210 1745 347 1802; x_wconf 75' lang='lat' dir='ltr'><strong>thoracem</strong></span> <span class='ocrx_word' id='word_1_160' title='bbox 365 1748 407 1802; x_wconf 89' lang='lat' dir='ltr'><strong>vel</strong></span> <span class='ocrx_word' id='word_1_161' title='bbox 424 1748 549 1816; x_wconf 86' lang='lat' dir='ltr'><strong>clipeum,</strong></span> <span class='ocrx_word' id='word_1_162' title='bbox 580 1748 641 1803; x_wconf 84' lang='lat' dir='ltr'><strong>oolt.</strong></span> <span class='ocrx_word' id='word_1_163' title='bbox 662 1764 687 1801; x_wconf 84' lang='lat' dir='ltr'><strong>v.</strong></span> <span class='ocrx_word' id='word_1_164' title='bbox 704 1752 720 1802; x_wconf 75' lang='lat'>4</span> <span class='ocrx_word' id='word_1_165' title='bbox 739 1751 762 1803; x_wconf 75' lang='lat'><strong>7.</strong></span> <span class='ocrx_word' id='word_1_166' title='bbox 797 1748 849 1803; x_wconf 85' lang='lat' dir='ltr'><strong>Sed</strong></span> <span class='ocrx_word' id='word_1_167' title='bbox 868 1748 925 1816; x_wconf 86' lang='lat' dir='ltr'><strong>ipse</strong></span> <span class='ocrx_word' id='word_1_168' title='bbox 955 1747 1096 1802; x_wconf 82' lang='lat' dir='ltr'><strong>verborum</strong></span> <span class='ocrx_word' id='word_1_169' title='bbox 1114 1746 1178 1800; x_wconf 87' lang='lat' dir='ltr'><strong>ordo</strong></span> <span class='ocrx_word' id='word_1_170' title='bbox 1196 1745 1301 1807; x_wconf 73' lang='lat' dir='ltr'><strong>suadet,</strong></span> 
     </span>
     <span class='ocr_line' id='line_1_19' title="bbox 130 1811 1303 1886; baseline -0.002 -18"><span class='ocrx_word' id='word_1_171' title='bbox 130 1816 162 1868; x_wconf 86' lang='lat' dir='ltr'><strong>ut</strong></span> <span class='ocrx_word' id='word_1_172' title='bbox 179 1814 322 1884; x_wconf 81' lang='lat' dir='ltr'><strong>iungemus</strong></span> <span class='ocrx_word' id='word_1_173' title='bbox 339 1816 459 1870; x_wconf 81' lang='lat' dir='ltr'><strong>enimam</strong></span> <span class='ocrx_word' id='word_1_174' title='bbox 476 1817 611 1886; x_wconf 76' lang='lat' dir='ltr'><strong>dz‘ffcodit</strong></span> <span class='ocrx_word' id='word_1_175' title='bbox 627 1816 656 1869; x_wconf 79' lang='lat' dir='ltr'><strong>io</strong></span> <span class='ocrx_word' id='word_1_176' title='bbox 673 1832 753 1870; x_wconf 85' lang='lat' dir='ltr'><strong>armo</strong></span> <span class='ocrx_word' id='word_1_177' title='bbox 770 1817 798 1871; x_wconf 87' lang='lat' dir='ltr'><strong>ct</strong></span> <span class='ocrx_word' id='word_1_178' title='bbox 815 1831 863 1883; x_wconf 86' lang='lat' dir='ltr'><strong>per</strong></span> <span class='ocrx_word' id='word_1_179' title='bbox 890 1815 1010 1869; x_wconf 65' lang='lat' dir='ltr'><strong>menam</strong></span> <span class='ocrx_word' id='word_1_180' title='bbox 1028 1814 1186 1882; x_wconf 73' lang='lat' dir='ltr'><strong>sanguinem</strong></span> <span class='ocrx_word' id='word_1_181' title='bbox 1202 1811 1303 1867; x_wconf 85' lang='lat' dir='ltr'><strong>intelli·</strong></span> 
     </span>
     <span class='ocr_line' id='line_1_20' title="bbox 129 1878 1304 2019; baseline -0.003 -15"><span class='ocrx_word' id='word_1_182' title='bbox 129 1881 1045 2019; x_wconf 42' lang='lat' dir='ltr'><strong>{emortuumenuturutffctrrbtttutnto</strong></span> <span class='ocrx_word' id='word_1_183' title='bbox 1066 1878 1304 2004; x_wconf 50' lang='lat' dir='ltr'><strong>“v&#39;fifflffndtt</strong></span> 
     </span>
     <span class='ocr_line' id='line_1_21' title="bbox 130 1991 1302 2095; baseline -0.003 -23"><span class='ocrx_word' id='word_1_184' title='bbox 130 2032 231 2095; x_wconf 59' lang='lat' dir='ltr'><strong>encore</strong></span> <span class='ocrx_word' id='word_1_185' title='bbox 249 2034 280 2072; x_wconf 82' lang='lat' dir='ltr'><strong>ex</strong></span> <span class='ocrx_word' id='word_1_186' title='bbox 297 1991 401 2074; x_wconf 75' lang='lat' dir='ltr'><strong>usitdtc</strong></span> <span class='ocrx_word' id='word_1_187' title='bbox 418 2018 517 2088; x_wconf 85' lang='lat' dir='ltr'><strong>poetici</strong></span> <span class='ocrx_word' id='word_1_188' title='bbox 533 2017 664 2073; x_wconf 85' lang='lat' dir='ltr'><strong>sermonis</strong></span> <span class='ocrx_word' id='word_1_189' title='bbox 681 2018 805 2072; x_wconf 77' lang='lat' dir='ltr'><strong>ubertate</strong></span> <span class='ocrx_word' id='word_1_190' title='bbox 834 2017 941 2073; x_wconf 73' lang='lat' dir='ltr'><strong>adiectu</strong></span> <span class='ocrx_word' id='word_1_191' title='bbox 960 2020 1052 2072; x_wconf 86' lang='lat' dir='ltr'><strong>censet</strong></span> <span class='ocrx_word' id='word_1_192' title='bbox 1069 2033 1132 2084; x_wconf 87' lang='lat' dir='ltr'><strong>pro:</strong></span> <span class='ocrx_word' id='word_1_193' title='bbox 1155 2015 1302 2070; x_wconf 76' lang='lat' dir='ltr'><strong>undantem</strong></span> 
     </span>
     <span class='ocr_line' id='line_1_22' title="bbox 130 2082 1304 2146; baseline -0.003 -7"><span class='ocrx_word' id='word_1_194' title='bbox 130 2100 249 2139; x_wconf 77' lang='lat' dir='ltr'><strong>smmum</strong></span> <span class='ocrx_word' id='word_1_195' title='bbox 268 2085 323 2139; x_wconf 83' lang='lat' dir='ltr'><strong>diff.</strong></span> <span class='ocrx_word' id='word_1_196' title='bbox 341 2086 368 2139; x_wconf 92' lang='lat' dir='ltr'><strong>in</strong></span> <span class='ocrx_word' id='word_1_197' title='bbox 387 2102 473 2141; x_wconf 78' lang='lat' dir='ltr'><strong>orma.</strong></span> <span class='ocrx_word' id='word_1_198' title='bbox 509 2086 551 2140; x_wconf 78' lang='lat' dir='ltr'><strong>ef.</strong></span> <span class='ocrx_word' id='word_1_199' title='bbox 573 2086 654 2141; x_wconf 77' lang='lat' dir='ltr'><strong>etiem</strong></span> <span class='ocrx_word' id='word_1_200' title='bbox 673 2085 774 2141; x_wconf 80' lang='lat' dir='ltr'><strong>Wakef.</strong></span> <span class='ocrx_word' id='word_1_201' title='bbox 802 2084 836 2139; x_wconf 83' lang='lat' dir='ltr'><strong>ud</strong></span> <span class='ocrx_word' id='word_1_202' title='bbox 854 2085 932 2139; x_wconf 78' lang='lat' dir='ltr'><strong>Lucr.</strong></span> <span class='ocrx_word' id='word_1_203' title='bbox 949 2083 997 2146; x_wconf 89' lang='lat' dir='ltr'><strong>IV,</strong></span> <span class='ocrx_word' id='word_1_204' title='bbox 1016 2087 1056 2139; x_wconf 82' lang='grc'><strong>88.</strong></span> <span class='ocrx_word' id='word_1_205' title='bbox 1092 2084 1159 2139; x_wconf 87' lang='lat' dir='ltr'><strong>Cum</strong></span> <span class='ocrx_word' id='word_1_206' title='bbox 1185 2082 1304 2136; x_wconf 72' lang='lat' dir='ltr'><strong>undanti</strong></span> 
     </span>
     <span class='ocr_line' id='line_1_23' title="bbox 130 2149 1302 2223; baseline -0.003 -17"><span class='ocrx_word' id='word_1_207' title='bbox 130 2154 222 2206; x_wconf 78' lang='lat' dir='ltr'><strong>eutem</strong></span> <span class='ocrx_word' id='word_1_208' title='bbox 239 2170 338 2207; x_wconf 70' lang='lat' dir='ltr'><strong>msere</strong></span> <span class='ocrx_word' id='word_1_209' title='bbox 356 2152 390 2209; x_wconf 86' lang='lat' dir='ltr'><strong>cf.</strong></span> <span class='ocrx_word' id='word_1_210' title='bbox 409 2170 490 2223; x_wconf 76' lang='lat' dir='ltr'><strong>supra</strong></span> <span class='ocrx_word' id='word_1_211' title='bbox 506 2153 553 2219; x_wconf 86' lang='lat' dir='ltr'><strong>IX,</strong></span> <span class='ocrx_word' id='word_1_212' title='bbox 565 2157 621 2208; x_wconf 80' lang='lat'>700.</span> <span class='ocrx_word' id='word_1_213' title='bbox 657 2153 784 2207; x_wconf 83' lang='lat' dir='ltr'><strong>Ceterum</strong></span> <span class='ocrx_word' id='word_1_214' title='bbox 800 2169 852 2206; x_wconf 90' lang='lat' dir='ltr'><strong>non</strong></span> <span class='ocrx_word' id='word_1_215' title='bbox 871 2151 1046 2216; x_wconf 85' lang='lat' dir='ltr'><strong>reticendum,</strong></span> <span class='ocrx_word' id='word_1_216' title='bbox 1064 2167 1149 2206; x_wconf 86' lang='lat' dir='ltr'><strong>unum</strong></span> <span class='ocrx_word' id='word_1_217' title='bbox 1163 2151 1268 2219; x_wconf 81' lang='lat' dir='ltr'><strong>Menng.</strong></span> <span class='ocrx_word' id='word_1_218' title='bbox 1279 2149 1302 2205; x_wconf 91' lang='lat'><strong>1.</strong></span> 
     </span>
     <span class='ocr_line' id='line_1_24' title="bbox 130 2217 1302 2290; baseline -0.002 -18"><span class='ocrx_word' id='word_1_219' title='bbox 130 2220 228 2288; x_wconf 75' lang='lat' dir='ltr'><strong>proin</strong></span> <span class='ocrx_word' id='word_1_220' title='bbox 244 2238 325 2274; x_wconf 76' lang='lat' dir='ltr'><strong>anna</strong></span> <span class='ocrx_word' id='word_1_221' title='bbox 348 2220 471 2275; x_wconf 84' lang='lat' dir='ltr'><strong>exhibere</strong></span> <span class='ocrx_word' id='word_1_222' title='bbox 496 2222 526 2274; x_wconf 76' lang='lat' dir='ltr'><strong>in</strong></span> <span class='ocrx_word' id='word_1_223' title='bbox 554 2239 637 2287; x_wconf 82' lang='lat' dir='ltr'><strong>orca,</strong></span> <span class='ocrx_word' id='word_1_224' title='bbox 666 2220 737 2289; x_wconf 88' lang='lat' dir='ltr'><strong>quod</strong></span> <span class='ocrx_word' id='word_1_225' title='bbox 753 2218 900 2275; x_wconf 83' lang='lat' dir='ltr'><strong>Ribbeckio</strong></span> <span class='ocrx_word' id='word_1_226' title='bbox 916 2219 1024 2290; x_wconf 81' lang='lat' dir='ltr'><strong>Proleg.</strong></span> <span class='ocrx_word' id='word_1_227' title='bbox 1042 2236 1067 2288; x_wconf 89' lang='lat' dir='ltr'><strong>p.</strong></span> <span class='ocrx_word' id='word_1_228' title='bbox 1086 2223 1144 2274; x_wconf 81' lang='lat'><strong>³56.</strong></span> <span class='ocrx_word' id='word_1_229' title='bbox 1174 2233 1227 2271; x_wconf 91' lang='lat' dir='ltr'><strong>non</strong></span> <span class='ocrx_word' id='word_1_230' title='bbox 1245 2217 1302 2271; x_wconf 80' lang='lat' dir='ltr'><strong>eine</strong></span> 
     </span>
     <span class='ocr_line' id='line_1_25' title="bbox 130 2287 497 2355; baseline 0.008 -15"><span class='ocrx_word' id='word_1_231' title='bbox 130 2302 212 2341; x_wconf 77' lang='lat' dir='ltr'><strong>causa</strong></span> <span class='ocrx_word' id='word_1_232' title='bbox 228 2287 366 2355; x_wconf 77' lang='lat' dir='ltr'><strong>pulchrius</strong></span> <span class='ocrx_word' id='word_1_233' title='bbox 384 2288 497 2343; x_wconf 83' lang='lat' dir='ltr'><strong>ridetur.</strong></span> 
     </span>
    </p>
   </div>
   <div class='ocr_carea' id='block_1_5' title="bbox 0 0 1448 5070">
    <p class='ocr_par' dir='ltr' id='par_1_7' title="bbox 0 0 1448 5070">
     <span class='ocr_line' id='line_1_26' title="bbox 0 0 1448 5070; baseline 0 0"><span class='ocrx_word' id='word_1_234' title='bbox 0 0 1448 5070; x_wconf 95' lang='lat' dir='ltr'><strong> </strong></span> 
     </span>
    </p>
   </div>
  </div>
 </body>
</html>
