2872 5070
130 260 155 306 x
335 238 606 306 PROOEMIUM
628 236 859 304 EDITIONIS
881 234 1088 302 TERTIAE.

130 404 312 469 notationes
334 409 381 471 ita
400 407 435 470 in
460 429 557 471 unum
581 407 768 470 coniunctas
792 405 978 479 contineret,
999 411 1035 467 ut
1064 426 1146 491 quae
1169 403 1211 468 ab
1232 403 1297 468 illis

131 486 183 552 vel
228 510 339 553 rorsus
368 513 409 553 ne
432 489 533 570 lecta,
564 488 616 552 vel
639 488 742 553 obiter
763 496 886 552 tantum
909 496 1159 552 commemorata
1179 497 1297 570 essent,

131 510 308 657 prudenter
338 513 502 658 suppfieret
538 582 570 636 et
598 581 731 656 augeret
757 572 930 657 variasque
965 592 1073 634 eorum
1108 572 1296 645 sententias,

132 675 231 740 saepe
253 653 287 715 in
308 654 547 719 diversissimas
574 665 684 741 partes
707 653 876 734 abeuntes,
906 653 1050 718 breviter
1081 651 1298 720 examinando

130 735 182 801 vel
215 738 450 822 comprobaret,
478 738 530 803 vel
557 740 706 802 reiiceret
735 748 766 801 et
796 738 925 801 veriora
958 738 997 800 iis
1027 734 1246 818 substitueret,
1268 747 1300 802 et

131 841 203 883 cum
226 820 351 905 priores
372 821 522 902 editores,
544 823 571 884 si
592 820 739 885 Iahnium
762 832 794 884 et
805 818 1004 904 Wagnerum
1029 822 1209 905 exceperis,
1229 828 1299 883 tan·

129 912 199 966 tum
219 924 283 966 non
305 926 414 967 omnes
436 908 469 967 in
491 903 559 968 sola
579 926 685 968 rerum
713 915 744 969 et
769 901 941 967 verborum
965 901 1184 988 explicatione
1206 924 1299 968 occu·

130 986 199 1072 pati
220 988 450 1070 grammaticas
473 989 614 1052 rationes
637 989 703 1052 fere
717 1008 849 1073 prorsus
866 986 1071 1071 neglexerint
1091 996 1123 1052 et
1136 986 1298 1072 imprimis

130 1067 361 1154 particularum
375 1093 469 1134 veras
483 1069 734 1154 significationes
755 1071 942 1154 ignorantes
960 1069 1013 1133 vel
1028 1067 1244 1156 despicientes
1265 1071 1300 1134 in

129 1150 237 1215 multis
259 1151 339 1216 locis
360 1152 610 1238 interpretandis
631 1154 777 1237 graviter
797 1154 988 1227 erraverint,
1012 1152 1073 1217 has
1095 1174 1223 1252 quoque
1245 1174 1298 1217 res

130 1236 358 1319 grammaticas
374 1239 466 1300 iuxta
480 1258 552 1300 cum
566 1237 708 1300 metricis
724 1245 755 1300 et
771 1233 952 1321 prosodicis
964 1245 1148 1300 accuratius
1157 1236 1299 1335 respice·

130 1327 195 1398 ret3
218 1339 317 1403 quare
339 1318 487 1405 equidem
509 1316 551 1383 ad
571 1319 668 1382 talem
689 1318 862 1383 editionem
885 1319 1063 1382 curandam
1086 1341 1136 1383 me
1159 1319 1299 1401 accinxi,

131 1421 225 1486 quae,
249 1411 405 1487 quantum
422 1401 490 1465 fieri
509 1410 629 1488 posset,
650 1404 759 1466 omnia
775 1400 1043 1500 complecteretur
1065 1400 1108 1466 ad
1123 1401 1298 1487 Virgilium

129 1493 216 1547 recte
231 1493 263 1547 et
276 1483 371 1548 facile
383 1484 625 1570 intelligendum
638 1485 833 1564 necessaria,
850 1484 988 1571 ideoque
1005 1487 1149 1549 maxime
1165 1484 1298 1632 quidem

129 1566 298 1631 iuvenibus
310 1572 344 1632 in
383 1571 540 1653 ymnasiis
553 1577 584 1632 et
597 1568 772 1633 academiis
788 1566 829 1632 ad
843 1568 953 1632 literas
968 1567 1167 1633 incumbenti
1191 1591 1229 1632 us
1245 1567 1299 1631 de·

130 1654 258 1730 stinata,
281 1589 383 1714 simul
398 1673 476 1715 vero
498 1652 595 1715 etiam
610 1653 774 1736 magistris
790 1651 926 1738 aliisque
946 1653 1026 1715 viris
1044 1650 1157 1733 doctis,
1181 1650 1299 1738 quibus

129 1733 176 1795 rei
197 1735 404 1818 pecuniariae
426 1735 537 1820 inopia
559 1757 710 1820 magnam
726 1734 882 1799 librorum
899 1756 936 1798 co
962 1736 1028 1798 iam
1044 1757 1083 1798 ac
1109 1736 1213 1798 uirere
1235 1757 1298 1799 non

156 1816 298 1897 ermittit,
330 1838 529 1902 quorumque
552 1818 719 1882 commodo
743 1819 883 1883 maiores
905 1841 922 1882 e
947 1818 1064 1882 itiones
1085 1757 1244 1882 {actenus
1265 1818 1299 1880 in

128 1837 232 1963 ldeem
255 1899 392 1964 emissae
414 1909 446 1963 et
466 1902 612 1986 impenso
627 1911 750 1965 tantum
766 1902 871 1999 pretio
887 1901 1019 1965 venales
1042 1902 1149 1964 minus
1171 1901 1299 1986 prospi-

129 1981 227 2062 ciunt,
250 2005 313 2047 non
329 2004 462 2069 prorsus
477 1984 607 2068 ingrata
622 1993 707 2049 esset
723 1996 754 2049 et
772 1982 912 2066 mutilis,
935 1981 1022 2071 quod
1044 1982 1172 2070 quidem
1197 1984 1299 2048 cousi·

129 2064 205 2129 lium
227 2087 333 2129 meum
348 2067 445 2130 etiam
461 2067 566 2130 minus
581 2066 804 2166 locupletibus,
828 2068 963 2154 quinon
982 2065 1086 2131 solum
1105 2068 1188 2130 inter
1204 2065 1298 2130 disci·

129 2146 222 2235 pulos
245 2158 277 2213 et
291 2148 530 2214 academiarum
545 2151 633 2215 cives
652 2151 869 2232 ruveniuntur,
890 2150 1001 2235 largos
1016 2148 1089 2215 illos
1104 2151 1208 2214 fontes
1225 2172 1299 2247 ape·

128 2230 244 2313 riendi,
267 2254 308 2297 ex
330 2231 445 2320 quibus
459 2233 693 2298 recentioribus
708 2233 910 2319 temporibus
931 2231 1046 2297 melior
1061 2243 1093 2297 et
1104 2232 1300 2297 fructuosior

128 2314 260 2399 Virgilii
281 2316 364 2380 inter
389 2317 503 2381 retatio
539 2317 681 2398 refluxit,
703 2327 739 2381 ut
759 2317 936 2402 praecipue
952 2315 1160 2380 considerare
1173 2325 1204 2380 et
1224 2314 1300 2379 inde

128 2398 225 2462 etiam
237 2338 499 2486 inaequalitatem
509 2339 599 2465 illam
612 2399 831 2465 adnotationis
844 2398 984 2464 diversis
998 2400 1160 2464 variorum
1174 2396 1299 2462 deside·

127 2481 185 2545 riis
207 2482 433 2548 satisfacturus
447 2482 591 2549 iudicare
611 2482 720 2565 velint,
746 2505 897 2548 censores
912 2481 1087 2548 benevolos
1110 2483 1227 2546 iterum
1242 2481 1298 2544 ite·

126 2586 261 2652 rumque
280 2576 412 2650 rogatos
433 2565 515 2633 volo.
546 2567 691 2632 Primum
707 2567 807 2651 igitur
828 2588 901 2631 cum
922 2565 1011 2645 mihi,
1033 2566 1128 2630 novis
1144 2562 1298 2630 subsidiis

128 2649 248 2713 criticis
264 2672 396 2735 prorsus
410 2649 573 2733 destitute,
588 2672 706 2715 novam
721 2659 889 2714 contextus
898 2651 1119 2714 recensionem
1130 2649 1298 2712 instituere

126 2732 160 2794 in
173 2743 310 2796 mentem
325 2734 435 2797 venire
450 2755 514 2797 non
533 2734 684 2819 potuerit,
703 2756 767 2820 qua
783 2734 913 2796 omnino
929 2733 1137 2819 postHeynii
1152 2739 1184 2796 et
1197 2730 1297 2815 Wag-

127 2815 197 2878 neri
217 2814 382 2880 laudabile
398 2815 537 2881 studium
555 2816 616 2880 hae
632 2818 715 2880 inre
731 2816 872 2901 positum
896 2817 953 2879 vix
969 2838 1051 2902 opus
1072 2837 1144 2879 esse
1159 2812 1298 2893 videtur,

127 2898 245 2963 retinui
267 2897 456 2987 plerumque
470 2900 624 2965 lectiones
640 2923 660 2964 a
675 2898 851 2983 Wagnero,
874 2898 1014 2963 Medieei
1029 2897 1231 2982 potissimum
1249 2919 1299 2961 co-

127 2980 208 3045 dicis
225 2985 449 3047 auctoritatem
464 2991 641 3068 spectante,
663 2993 824 3069 receptas,
847 2992 879 3046 et
893 2981 950 3045 ubi
972 2981 1014 3044 ab
1030 3002 1067 3044 eo
1082 2975 1299 3042 recedendum

129 3063 209 3128 mihi
231 3064 414 3147 videbatur,
437 3065 470 3129 id
487 3067 593 3129 causis
606 3065 742 3130 adiectis
757 3075 909 3130 accurate
926 3062 1074 3147 exposui,
1100 3060 1229 3125 omnino
1243 3083 1301 3123 au·

128 3156 193 3211 tem
215 3148 442 3213 multominus
465 3149 580 3231 critici,
604 3171 702 3236 quam
724 3148 910 3236 interpretis
927 3154 1039 3233 partes
1061 3143 1141 3209 mihi
1155 3141 1301 3228 agendas

126 3253 196 3295 esse
227 3233 351 3313 censui,
381 3232 529 3380 quamvis
557 3233 662 3297 sciens
688 3232 811 3298 nullam
839 3232 1019 3317 scripturae
1047 3228 1300 3326 discrepantiam

125 3335 201 3378 vere
214 3314 391 3379 memorabi
406 3339 456 3379 em
471 3313 566 3400 plane
578 3317 733 3380 intactam
770 3314 1039 3393 raetermiserim3
1052 3314 1085 3376 in
1095 3311 1301 3376 distinctione

127 3405 231 3460 autem
256 3397 439 3479 verborum,
486 3421 546 3463 uae
589 3422 664 3463 uam
687 3338 824 3462 mullum
849 3396 960 3460 valeat
981 3394 1024 3458 ad
1047 3392 1191 3479 singulos
1213 3392 1300 3458 locos

125 3489 212 3545 recte
238 3490 269 3544 et
290 3480 385 3545 facile
407 3421 636 3567 intdlligcnbos
659 3483 744 3546 inter
767 3500 880 3545 omnes
903 3486 1045 3550 constat,
1075 3474 1163 3540 haud
1185 3499 1259 3540 raro
1283 3497 1303 3538 a

125 3562 291 3649 Wagnero
308 3563 453 3646 discessi,
468 3587 532 3629 non
547 3568 653 3630 minus
670 3566 777 3628 vitans
793 3563 942 3649 priorum
955 3557 1115 3626 editorum
1131 3561 1301 3634 rationem,

126 3668 208 3732 quae
241 3648 337 3711 nimis
366 3647 474 3712 multis
509 3647 761 3734 interpungendi
790 3647 815 3710 si
863 3645 891 3708 is
933 3642 1035 3707 verba
1070 3665 1208 3708 onerans
1238 3664 1302 3706 non

125 3731 230 3807 iuvat,
268 3730 325 3794 sed
358 3729 494 3816 impedit
523 3732 629 3816 potius
664 3741 695 3793 et
729 3728 944 3793 difficiiorem
976 3723 1085 3789 reddit
1119 3725 1301 3804 lectionem,

125 3834 222 3899 quam
254 3816 470 3878 recentiorum
497 3812 701 3900 quorundam
731 3834 848 3896 nugas,
872 3811 927 3897 qui
949 3830 1059 3874 omnes
1091 3811 1159 3874 fere
1190 3808 1302 3873 distin·

124 3896 245 3981 guendi
267 3906 360 3961 notas
383 3894 535 3961 exsulare
557 3895 678 3972 iubent,
700 3915 869 3981 meamque
892 3895 962 3979 ipse
985 3893 1069 3956 viam
1088 3902 1225 3969 secutus,
1241 3913 1304 3954 mc-

126 3981 213 4044 diam
235 3979 323 4045 illam
346 3981 430 4044 inter
461 3980 597 4043 nimium
626 3989 657 4043 et
680 4000 815 4064 parum,
833 3999 897 4064 qua
919 3998 983 4042 non
1006 3975 1181 4041 admodum
1202 3972 1305 4038 multa

126 4061 346 4144 distinctione,
370 4062 427 4127 sed
450 4060 620 4148 apto'loco
642 4063 744 4138 faeta,
775 4058 956 4145 legentibus
979 4061 1099 4146 optime
1121 4057 1303 4125 consultum

127 4168 199 4210 esse
221 4157 407 4211 statuerem.
450 4144 520 4209 Iam
553 4143 640 4230 quod
671 4143 713 4208 ad
736 4143 1002 4208 commentarium
1025 4146 1155 4218 attinet,
1181 4141 1216 4204 id
1238 4141 1305 4289 pri·

127 4251 214 4293 mum
237 4229 316 4295 mihi
354 4227 595 4325 respiciendum
616 4250 687 4292 csse
710 4227 805 4309 duxi,
837 4238 872 4291 ut
904 4249 1033 4291 sensum
1059 4227 1214 4307 cuiusque
1256 4223 1305 4288 oei

128 4313 198 4378 sive
220 4313 262 4378 ab
294 4313 368 4377 aliis
397 4333 466 4375 sive
490 4332 509 4373 a
531 4321 649 4375 memet
668 4312 741 4397 ipso
763 4320 851 4376 recte
879 4319 910 4375 et
932 4318 1086 4376 accurate
1107 4306 1304 4394 explicatum

127 4395 283 4476 haberes,
313 4416 414 4482 quare
443 4393 470 4456 si
499 4394 573 4478 quis
595 4395 741 4478 priorum
769 4393 928 4459 editorum
949 4393 1091 4491 aliquem
1112 4389 1217 4455 locum
1240 4392 1305 4455 iam

126 4481 206 4544 satis
229 4480 313 4543 bene
335 4479 567 4561 interpretatus
581 4476 763 4553 videbatur,
785 4478 853 4541 eius
869 4468 1111 4542 adnotatronem
1126 4483 1183 4538 aut
1203 4475 1307 4561 ipsius

126 4565 268 4627 arictoris
285 4558 395 4623 verbis
414 4559 552 4623 servatis
572 4559 670 4647 (quod
687 4561 840 4624 tamenin
861 4554 1095 4647 posterioribus
1112 4556 1307 4622 editionibus

127 4646 229 4711 multo
245 4643 363 4723 rarius,
379 4663 475 4731 quam
490 4642 525 4708 in
539 4644 656 4730 prima,
668 4653 700 4710 et
709 4643 899 4734 plerumque
911 4651 1037 4707 tantum
1052 4640 1086 4704 in
1101 4639 1307 4706 brevioribus
