2872 5070
476 247 707 315 AENEIDOS
728 248 810 316 LIB.
834 249 892 316 Xl.

94 413 234 500 Optabis
256 423 334 479 nato
351 415 448 480 sunus
470 424 571 501 pater.
614 415 678 481 Hei
697 416 786 495 mihi,
807 424 962 504 quantum

94 495 307 578 Praesidium,
329 498 486 581 Ausonia,
507 509 539 563 et
582 507 715 582 uantum
735 510 769 565 tu
791 497 913 585 perdis,
935 496 1049 563 Iulel“

177 580 268 643 Haec
290 578 347 645 ubi
369 578 510 664 deflevit,
532 590 564 646 to
592 583 599 597 ⁶
622 582 809 649 miserabile
831 603 951 667 eorpus

93 662 140 725 lrn
169 673 238 726 erat
261 672 292 726 et
313 672 379 728 toto
401 663 502 730 lectos
524 686 566 730 ex
587 667 716 749 agmine
737 666 837 731 inittit

92 685 182 809 Mille
202 747 303 842 yiros,
325 747 381 832 qui
404 769 591 833 supremum
612 751 803 814 comitentur
824 748 979 813 honorem

93 829 311 914 Intersmtque
333 830 436 915 patris
458 829 601 895 lacrimis
634 830 751 897 solatia
771 831 878 896 luctus

93 911 227 995 Exigua
248 913 399 995 ingentis,
421 915 538 978 misero
560 879 617 978 666
639 913 750 979 debita
771 916 867 1000 patri.

94 993 193 1058 Haud
217 1016 331 1078 segnes
354 994 411 1059 alii
432 997 532 1060 oratis
555 1004 587 1060 et
608 995 703 1062 molle
724 997 882 1062 feretrum

94 1076 250 1141 Arbuteis
271 1085 385 1142 texunt
404 1079 506 1164 virgis
528 1087 560 1142 et
581 1080 702 1145 vimine
723 1101 845 1178 querno

93 1160 352 1244 Exstruetosque
373 1170 462 1227 toros
484 1160 618 1227 obtentu
640 1162 764 1227 frondis
786 1160 982 1226 inumbrant.

94 1242 159 1305 Hic
180 1244 328 1307 iuvenem
351 1246 474 1329 agresti
498 1243 669 1310 sublimem
689 1247 844 1311 stramine
868 1254 1006 1332 ponunt:

95 1324 232 1403 Qualem
254 1328 400 1411 virgineo
421 1327 604 1393 demessum
627 1327 744 1414 pollice
765 1329 879 1393 florem

95 1408 160 1472 Seu
183 1408 289 1473 mollis
311 1410 418 1474 violae
441 1434 497 1474 seu
518 1409 702 1496 languentis
725 1410 901 1499 hyacinthi,

95 1491 155 1555 (lui
178 1514 282 1576 neque
303 1492 409 1577 fulgor
431 1493 538 1558 adhuc
559 1516 618 1558 nec
640 1493 717 1559 dum
741 1518 799 1560 sua
820 1496 926 1558 forma
946 1492 1089 1568 recessit,
1233 1504 1265 1551 70

94 1678 302 1686 *a*

93 1806 184 1926 Spita
201 1835 213 1846 ·
231 1836 243 1846 ·
260 1813 352 1872 eata,
370 1807 427 1861 scil.
441 1824 502 1862 cum
520 1808 641 1889 infamia,
660 1808 735 1879 turpi
751 1809 818 1878 fuga
835 1826 849 1862 e
866 1825 958 1878 pugna
975 1809 1095 1864 servato:
1126 1805 1201 1860 cuius
1220 1806 1266 1861 de·

113 1874 197 1928 acoris
227 1873 317 1928 dolore
341 1876 515 1930 exardescens
534 1878 612 1945 pater
629 1877 765 1931 infaustus
782 1875 833 1930 sibi
851 1880 974 1942 mortem,
1005 1877 1117 1931 diesim
1141 1877 1265 1943 fassas,

92 1943 270 2064 illim?
283 1941 635 2065 statimiussit
656 1943 843 2066 'illumin
864 1943 948 2080 lllls
963 1943 1076 2066 Sita
1093 1942 1267 2064 ,iffi

93 2080 190 2146 optent
206 2077 328 2132 infelices
347 2025 492 2132 libiirorum
510 2079 589 2147 culpa
626 2051 741 2146 arentes,
756 2028 901 2142 ’6666666
918 2095 972 2133 666
990 2096 1051 2133 vero
1068 2027 1159 2132 dirim
1178 2077 1267 2131 vocari

93 2161 179 2215 posse,
218 2145 279 2199 aulo
297 2145 467 2224 artificiosius
484 2146 602 2226 interpre
634 2150 692 2201 tur:
710 2165 760 2202 aec
797 2155 865 2227 aler,
885 2147 1072 2226 saepita'aato,
1092 2146 1207 2215 Optabis
1223 2145 1266 2198 di·

92 2232 155 2266 rum
199 2231 268 2267 aare
294 2215 367 2293 nstr
396 2221 486 2293 (quem
506 2213 594 2269 Gemt.
644 2231 673 2268 ro
686 2218 734 2294 'ter
752 2166 999 2295 aliocrtatemyotr
1018 2230 1148 2294 omrssum
1166 2214 1266 2282 putati,

92 2285 125 2334 ut
142 2280 198 2334 tale
215 2281 296 2335 funus
313 2283 406 2334 diram
424 2280 538 2346 dicatur,
569 2232 642 2351 6666
666 2232 740 2335 (iiras
758 2284 786 2336 66
803 2299 902 2363 rmprus
922 2286 967 2344 srt,
998 2298 1044 2350 qur
1062 2284 1146 2352 optet.
1167 2311 1200 2319 —
1218 2280 1264 2339 ol.

92 2347 162 2401 Hei
177 2348 263 2402 milri.
299 2348 360 2426 Vid.
379 2347 458 2401 adli
486 2352 544 2403 224.
564 2379 596 2387 -
614 2348 659 2409 69.
678 2348 772 2402 Ha'ec
789 2351 846 2402 abs
863 2349 1020 2428 defleo-it,
1039 2351 1101 2418 post
1120 2363 1183 2401 uam
1200 2345 1266 2400 haec

93 2432 154 2469 cnm
183 2416 249 2495 lietu
273 2416 342 2469 dirrt
359 2389 491 2495 etflendo
508 2416 589 2470 finem
606 2415 684 2469 fecit:
715 2415 748 2469 de
766 2431 819 2485 qua
836 2415 929 2483 signif.
947 2416 1039 2469 Burin.
1060 2364 1175 2468 coulerri
1191 2413 1267 2467 iubet

92 2481 559 2552 Oannegreter.adAvan.fab.1.
595 2482 749 2552 Conington
772 2499 830 2537 coru
850 2485 911 2536 arat
929 2498 1011 2549 snpra
1031 2483 1079 2545 VI,
1098 2485 1155 2537 226.
1187 2480 1266 2535 Lacr.

92 2550 142 2617 111,
161 2555 218 2605 907.
237 2551 299 2605 Tse.
317 2552 387 2604 Anu.
405 2548 456 2617 111,
476 2555 500 2604 5.
536 2551 675 2605 Iterautur
700 2549 767 2604 haee
783 2499 865 2604 veria
882 2549 910 2602 iu
927 2548 1011 2603 Anth.
1028 2548 1089 2604 Lau.
1107 2548 1129 2615 1,
1149 2552 1205 2613 172,
1225 2553 1265 2602 55.

93 2648 125 2657 -
143 2618 234 2676 tolli.
270 2618 403 2672 illinire
422 2633 449 2670 v.
468 2619 526 2672 266.
547 2636 720 2689 -carpaa
748 2616 946 2672 miserabile
973 2616 1089 2686 legimns
1108 2615 1191 2670 etiam
1211 2615 1265 2669 Ecl.

91 2685 138 2749 vl,
158 2688 198 2742 22,
217 2715 250 2724 -
267 2685 312 2746 66.
342 2685 396 2739 Pro
419 2684 551 2753 apmiae
567 2684 626 2740 Pal.
645 2689 673 2740 et
690 2686 766 2740 Rom.
787 2684 913 2739 exhibent
931 2684 1038 2750 ardiae,
1067 2683 1137 2754 quod
1156 2699 1187 2740 er
1204 2683 1266 2750 VII,

93 2757 149 2808 152.
167 2753 219 2808 huc
237 2753 401 2807 translatum
419 2751 535 2806 videtur.
554 2784 583 2791 -
600 2752 642 2815 61.
692 2755 728 2807 ai
742 2770 927 2823 supremam
946 2752 1146 2806 comitentur
1162 2752 1266 2805 liono-

89 2838 181 2950 tu
198 2821 245 2942 ἓ1Ιί
268 2818 763 2945 titt‘tutltttttrttlttl
781 2820 958 2942 illimis
975 2819 1265 2941 66666666]

91 2931 151 3026 squ.
187 2905 238 3011 Gi..
260 2956 342 3010 etiam
360 2955 476 3011 Gronov.
495 2955 583 3010 Diatr.
602 2957 671 3012 Stat.
693 2973 714 3010 a.
735 2929 774 3010 l'l.
794 2958 822 3009 et
839 2904 1014 3009 1666666666.
1040 2927 1079 3008 Ι66
1108 2931 1166 3007 fun.
1184 2927 1222 3015 Il,
1242 2956 1265 3006 9.

92 3055 126 3063 -
145 3032 255 3078 crates
272 3031 303 3077 et
318 3028 463 3091 feretra,
494 3022 524 3074 tv
544 3023 593 3098 666
611 3024 698 3086 δυοῖν,
730 3040 777 3093 pro
796 3026 877 3087 crate,
905 3038 958 3091 qua
975 3037 1022 3142 pro
1042 3021 1141 3076 feretro
1159 3022 1265 3098 utercu-

92 3093 146 3146 tur.
164 3121 197 3131 —
217 3092 331 3155 molle,
350 3091 414 3161 quia
431 3089 576 3145 viminibus
593 3094 652 3146 erat
669 3093 781 3145 textum.
801 3121 836 3130 —-
854 3089 899 3150 66.
931 3106 971 3154 „⁰
1000 3096 1090 3142 tenta
1107 3087 1266 3156 fraudes,

93 3159 213 3214 obtentis
244 3158 384 3214 frondibus
404 3157 543 3225 acrensis,
575 3159 621 3228 qui
644 3158 767 3213 umbram
786 3158 902 3226 desuper
919 3172 949 3210 eo
983 3155 1023 3209 ori
1040 3156 1159 3210 iacerent
1177 3152 1266 3223 posito

91 3227 121 3280 in
138 3227 237 3282 feretro
257 3244 272 3281 e
290 3227 367 3293 erati,
385 3242 416 3280 ex
434 3225 517 3294 virgis
535 3228 563 3279 66
581 3225 726 3280 viminibus
745 3227 898 3280 contexta.“
967 3241 1026 3292 epa.
1062 3223 1126 3276 Vos.
1146 3222 1267 3275 obteram

92 3294 118 3349 le
139 3296 194 3349 itur
221 3294 304 3349 etiam
333 3310 376 3362 ap.
394 3292 509 3348 Gellium
529 3293 577 3355 XI,
600 3297 639 3347 18.
669 3295 787 3361 (chiama
810 3292 899 3361 lopas)
917 3292 945 3344 et
963 3289 1074 3344 Sallust.
1096 3289 1141 3345 Or.
1160 3288 1193 3343 66
1211 3305 1266 3342 re.

93 3312 204 3429 66611,
224 3366 263 3419 19.
294 3361 426 3429 (66666666
440 3362 514 3427 esse).
550 3359 592 3414 Oi.
610 3359 737 3416 Ruddim⁴
757 3362 779 3416 1.
821 3362 903 3415 ,235
931 3360 960 3412 66
985 3357 1038 3411 vid.
1069 3304 1266 3418 aimistadi,

94 3433 152 3484 166.
181 3430 237 3496 (ubi
262 3431 368 3484 obiecta
390 3430 507 3484 laesam
523 3426 658 3497 legimus).
677 3461 709 3469 —
728 3427 773 3488 67.
838 3428 867 3481 ic
886 3455 898 3467 ·
915 3454 928 3466 ·
944 3426 1073 3495 agresti
1094 3423 1266 3479 stramine.

94 3496 156 3551 vid.
176 3497 210 3552 ad
228 3497 282 3552 Eel.
302 3497 324 3560 1,
344 3501 386 3551 53.
404 3528 436 3537 -
453 3496 585 3565 apresti
611 3497 776 3550 stramine
793 3497 884 3549 autem
901 3493 997 3563 Wagn.
1016 3495 1087 3558 recte
1104 3492 1266 3560 iuterpreta-

93 3567 140 3619 tur
169 3565 285 3629 „vireuti
313 3563 407 3619 fronde
432 3564 600 3618 substrate.“
636 3563 678 3618 cf.
695 3564 777 3617 Silius
794 3564 812 3616 l.
832 3563 852 3616 l.
872 3560 1019 3616 Sublimem
1036 3562 1152 3614 educere
1167 3577 1268 3629 pyram

93 3633 240 3703 mollesque
268 3632 368 3686 virenti
391 3632 531 3686 stramina
559 3647 735 3702 composuere
764 3638 841 3684 toros
880 3631 908 3683 66
924 3628 1030 3683 Statius
1046 3628 1066 3682 l.
1084 3627 1103 3681 l.
1137 3628 1268 3695 feretrum

95 3701 221 3753 Territus:
251 3701 307 3754 ima
335 3700 423 3754 vr'rerst
440 3719 457 3753 a
493 3699 545 3752 esti
560 3699 695 3754 mamiaa
712 3699 794 3753 666666.
827 3669 955 3751 Ilibbert.
975 3695 1058 3752 etiarn
1074 3694 1118 3749 hic
1136 3695 1267 3748 sublimen

94 3768 187 3823 edidit,
223 3767 284 3820 vid.
315 3766 350 3821 sd
367 3766 432 3824 Geo.
451 3717 551 3832 prm
578 3770 606 3821 et
622 3769 689 3824 Aen.
706 3766 728 3833 I,
747 3770 805 3820 259.
825 3796 856 3804 -
875 3763 913 3826 68
931 3780 971 3819 s.
1007 3762 1048 3818 ef.
1075 3762 1172 3818 similis
1190 3762 1267 3816 locus

93 3835 140 3902 IX,
159 3839 208 3887 435
226 3850 239 3886 s
259 3850 284 3902 q.
302 3833 393 3903 ibique
410 3834 517 3889 sdnott.
536 3865 569 3873 -
586 3836 768 3888 demessum
780 3831 919 3911 pollice
937 3780 1070 3894 illoram.
1103 3831 1163 3911 Iam
1181 3828 1268 3909 (larda

41 3928 48 3938 ·
94 3851 529 4025 umleruaa
546 3903 624 4024 166
641 3901 880 4024 66666
898 3900 1158 4021 fle:
1172 3915 1268 4018 66

95 4013 239 4091 Demetitis
251 4009 347 4104 flores,
366 4036 464 4106 quibus
480 3986 647 4091 lociln'conin
669 4038 717 4091 ton
735 4009 814 4089 addit
828 4007 910 4103 Prop.
928 4032 952 4096 1,
971 3985 1011 4102 lli,
1029 3984 1073 4089 si.
1092 4035 1167 4113 Ossae
1185 4032 1268 4110 saorla

95 4107 242 4176 decerpens
259 4113 350 4158 tenero
364 4103 511 4173 pueriliter
526 4106 613 4174 auaui
657 4104 781 4174 reposito
794 4103 893 4173 florem
948 4101 1044 4154 aesia
1061 4101 1166 4178 officio.
1189 4099 1268 4154 8666-

94 4173 149 4228 lem
167 4189 224 4227 corn
244 4172 393 4225 arationem
412 4171 466 4225 iam
483 4171 598 4241 legimus
615 4171 664 4238 IX,
680 4174 731 4225 435
783 4187 809 4242 q.
828 4199 861 4209 -
878 4167 924 4227 6.
954 4166 1070 4221 suellis
1099 4165 1194 4221 erola
1216 4180 1268 4217 nou

96 4243 148 4294 das
172 4190 306 4304 lolliam
328 4254 395 4309 qnae
415 4239 491 4293 viola
506 4241 589 4308 nipra
607 4238 715 4306 dieitur,
734 4253 763 4292 se
799 4237 845 4290 die
862 4235 992 4303 Lcoleoje.
1008 4233 1081 4314 yid.
1099 4233 1156 4287 licl.
1174 4232 1207 4298 V,
1227 4235 1267 4284 38.

95 4307 142 4368 VI,
161 4313 203 4362 53.
234 4310 262 4363 et
292 4307 398 4362 adnott.
419 4306 453 4360 ad
473 4306 530 4360 Ecl.
547 4306 584 4373 11,
605 4310 647 4361 47.
665 4336 697 4344 -
717 4305 880 4373 laaaaaas
906 4301 1115 4372 hyacintbus
1144 4299 1188 4367 (66
1216 4313 1268 4368 quo

96 4374 156 4429 vide
187 4374 297 4430 adlici
316 4375 354 4441 Π,
374 4377 413 4428 18.
432 4373 532 4437 etIII,
552 4375 619 4439 166.)
648 4372 840 4436 videturesse,
872 4370 918 4451 qui
936 4371 1018 4439 caput
1036 4367 1167 4429 deruittit,
1196 4363 1269 4435 quod

96 4442 158 4498 huic
175 4442 236 4498 flori
253 4445 362 4564 eiuspue
381 4441 479 4521 origini
495 4439 635 4495 fabulosae
652 4439 969 4496 accommodatissimum.
1010 4437 1154 4556 Lapiffm
1171 4433 1204 4488 de
1221 4433 1270 4486 flo-

96 4510 172 4565 ribus
201 4513 236 4591 et·
257 4511 311 4565 aris
326 4527 349 4563 rs
379 4509 405 4564 le
435 4513 481 4562 tur
504 4507 645 4588 ap3Prop.
664 4509 697 4587 V,
716 4508 790 4629 (lvii
803 4511 828 4575 2,
847 4511 889 4562 46.
906 4504 966 4558 Val.
984 4503 1025 4559 Pl.
1100 4504 1164 4564 ,26
1183 4499 1218 4554 ab
1237 4529 1268 4538 ω

98 4577 141 4638 76.
174 4576 234 4631 Gar
250 4594 352 4647 aequa
369 4578 406 4646 sa
426 4594 499 4645 por,
517 4575 575 4631 scrl.
593 4576 716 4641 recessrt;
734 4592 768 4629 no
808 4574 933 4644 supplere
950 4578 996 4626 est.
1016 4599 1049 4608 -
1065 4571 1269 4649 suasoriae,

97 4661 146 4699 sua
172 4644 355 4714 pulchritudo.
391 4644 460 4715 „Qui
490 4642 608 4698 noudum
637 4642 772 4698 marcidus
801 4641 932 4710 elanguit,
960 4654 1008 4692 nec
1037 4640 1130 4692 tamen
1156 4638 1270 4704 pristino

1008 4722 1060 4776 28*
