2872 5070
450 273 680 342 AENEIDOS
704 277 788 344 LIB.
809 279 896 346 VIII.

68 440 150 504 Non
173 461 266 504 secus
289 461 329 504 ac
353 441 379 505 si
402 463 467 528 qua
489 442 619 530 penitus
641 444 675 507 vi
697 453 785 509 terra
807 445 977 512 dehiscens

64 522 227 588 Infernas
248 532 371 588 reseret
392 522 486 590 sedes
507 537 539 591 et
558 548 661 612 regna
682 527 832 592 recludat

62 604 216 686 Pallida,
238 605 289 671 dis
310 607 427 685 invisa,
450 630 610 696 superque
631 611 760 674 inmane
782 611 975 678 barathrum

63 688 253 772 Cernatur,
271 689 497 778 trepidentque
518 693 653 758 inmisso
673 692 792 758 lumine
810 694 936 766 Manes.

58 771 123 838 Er
149 773 358 859 oiusperata
380 772 575 861 deprensum
597 778 629 840 in
651 775 723 841 lucc
744 780 878 864 repente

58 856 114 923 In
148 877 307 946 usumque
328 877 410 924 cavo
431 880 511 924 saxo
532 868 630 943 atque
649 860 777 925 insueta
798 860 968 928 rudentem

65 1173 285 1245 amplitudinem
310 1174 388 1242 repta
415 1173 467 1228 dici
485 1174 557 1230 haud
576 1176 611 1229 im
632 1174 790 1230 robabiliter
807 1175 922 1241 videtur,
952 1191 1033 1245 quam
1051 1191 1160 1230 oausam
1178 1179 1250 1232 corte

65 1240 280 1312 praeferendam
310 1243 377 1311 puto
395 1241 494 1296 Donati
520 1245 547 1296 et
565 1193 711 1311 Lasiewigii
729 1243 958 1312 explicationibus,
991 1259 1103 1313 quorum
1120 1244 1167 1299 illo
1185 1245 1251 1300 haec

65 1311 205 1364 adnotat:
236 1309 320 1378 „quia
346 1309 384 1362 ibi
413 1311 582 1377 tyrannidem
608 1311 757 1380 agitaret,“
786 1311 829 1364 hic
847 1327 908 1364 vcro
927 1310 997 1364 Caco
1015 1312 1046 1363 ut
1064 1311 1176 1365 Vulcani
1195 1312 1251 1366 tilio

69 1379 182 1448 regiam
210 1375 328 1431 adscribi
350 1382 441 1431 censet
459 1383 487 1430 ct
505 1378 593 1431 minus
611 1381 675 1447 apte
694 1382 833 1446 comparat
850 1377 966 1431 Euandri
984 1380 1128 1446 angustam
1147 1380 1250 1448 regiam

70 1461 96 1503 v.
116 1448 192 1508 3634
216 1460 278 1498 nam
299 1444 423 1498 Evandro
441 1446 512 1512 rogi
530 1445 611 1500 etiam
630 1446 704 1514 regia
721 1445 778 1499 iure
796 1445 912 1499 adscribi
932 1445 1046 1512 poterat.
1067 1476 1097 1485 -
1116 1443 1174 1506 243
1191 1463 1250 1516 sqq.

73 1529 105 1567 cx
124 1513 207 1568 Hom.
224 1510 257 1566 11.
275 1511 334 1576 XX,
354 1515 386 1564 36
404 1529 461 1581 sqq.
489 1512 665 1566 adumbratos
696 1529 762 1575 esse,
792 1513 846 1566 iam
864 1512 982 1566 Macrob.
1000 1512 1032 1577 V,
1053 1516 1091 1565 lt.
1116 1518 1145 1565 13
1163 1532 1202 1569 s.
1243 1553 1249 1566 .

76 1584 134 1635 448.
158 1580 219 1634 Ian.
240 1590 278 1648 tp.
297 1582 353 1658 122.
376 1579 445 1648 Rip.)
475 1579 574 1633 docuit.
608 1581 746 1634 Maronem
777 1580 902 1634 imitatus
935 1582 976 1633 est
995 1580 1064 1633 Stat.
1085 1531 1249 1642 Ibeb.qui‚

77 1651 144 1715 tte,
162 1647 197 1701 de
215 1647 267 1700 Aru
287 1645 377 1700 hrarao
394 1663 411 1699 a
428 1649 501 1700 terra
518 1648 616 1701 hausto
633 1647 700 1702 haec
717 1663 829 1701 canens:
857 1663 915 1701 eece
931 1649 987 1700 alte
1003 1663 1137 1716 praecepa
1155 1648 1251 1700 tiernus

79 1732 124 1770 ora
139 1716 232 1785 prosa
306 1714 426 1778 Decetia
446 1716 527 1783 ioque
543 1715 627 1769 vicem
646 1723 812 1769 tremuerunt
826 1715 922 1769 sidera
939 1721 964 1767 et
979 1715 1098 1768 umbrae.
1125 1714 1251 1769 Ceterum

83 1783 179 1851 uam.
199 1781 264 1836 haec
281 1781 406 1835 adnotat:
438 1782 568 1849 „Confert
585 1785 665 1851 poeta
682 1782 811 1836 miraculo
829 1781 997 1845 miraculum,
1028 1784 1130 1835 utnon
1148 1781 1206 1835 sine
1224 1782 1251 1835 vi

80 1849 196 1921 repetita
211 1848 257 1903 hic
272 1848 397 1903 rideatur
413 1865 463 1903 vox
476 1852 604 1920 penitae·
635 1851 687 1906 vid.
731 1853 849 1905 meteres
867 1849 903 1904 ad
920 1849 967 1910 VI,
984 1853 1043 1903 901.
1063 1851 1091 1902 et
1109 1849 1250 1904 Wcichert.

80 1917 110 1974 dc
140 1932 226 1971 veras.
255 1917 334 1996 intur.
362 1934 453 1997 suspp.
484 1935 511 1986 p.
530 1922 571 1972 98.
589 1891 671 1972 itote
705 1866 746 1974 df.
772 1918 855 1971 etiam
872 1916 978 1996 adnott.
997 1915 1031 1970 ad
1051 1917 1073 1980 I,
1091 1921 1151 1971 429.
1169 1919 1197 1970 et
1215 1916 1249 1971 al

80 1984 219 2041 Schrader.
248 2001 323 2054 pnus
351 1993 462 2053 penetus
492 2001 524 2039 ex
539 1985 618 2039 Ennii
633 1986 694 2039 loco
717 2002 800 2056 supra
817 1984 888 2039 laud.
907 2000 936 2037 ru
953 1984 1008 2038 lete
1024 1983 1085 2037 vult
1103 1986 1250 2039 mutatum.

79 2080 110 2176 ξι·
120 2053 371 2186 tntilli
399 2050 1251 2189 alstoftutmuutturut,<ulutate

79 2160 234 2258 expressaui
251 2203 318 2249 esse,
336 2203 396 2242 vere
413 2188 539 2242 observat
559 2188 719 2253 Conington.
740 2219 772 2228 -
788 2185 854 2246 244.
874 2187 941 2241 Pars
962 2185 1019 2240 God
1040 2226 1047 2238 .
1065 2186 1160 2249 (etiam
1178 2185 1250 2241 Med.

81 2272 149 2311 sm.
174 2271 239 2317 see,
267 2253 334 2316 Pal,
360 2255 446 2322 Rom,
476 2255 556 2321 Gud.)
586 2259 613 2309 et
630 2256 735 2309 Nonius
764 2271 791 2322 p.
809 2259 851 2321 41,
879 2258 914 2309 14.
943 2261 1048 2307 reserat
1065 2282 1077 2294 ·
1094 2282 1106 2293 -
1122 2253 1251 2317 recludit,

81 2323 152 2405 quod
179 2324 281 2378 temere
310 2322 338 2376 iu
366 2328 446 2391 pocta
463 2323 666 2393 praeferendum
683 2325 774 2377 censet
792 2323 892 2391 Heyu,
922 2337 983 2375 cum
1000 2320 1206 2399 Coniunctivum
1224 2324 1253 2374 et

82 2407 91 2445 1
169 2390 222 2445 loci
251 2392 350 2444 natura
378 2393 406 2445 et
423 2391 493 2444 alter
509 2391 701 2445 Coniunctivus
722 2398 848 2444 canatur
865 2405 891 2441 v.
911 2392 967 2441 246.
986 2388 1117 2454 flagitent,
1137 2416 1169 2426 -
1186 2384 1252 2448 245.

80 2407 141 2512 rii:
160 2458 276 2512 invisa
291 2457 383 2512 Burm.
413 2459 502 2513 minus
529 2461 602 2513 recte
620 2458 887 2527 interpretaturum
903 2456 973 2516 aisa,
1004 2458 1037 2507 ut
1054 2453 1090 2533 ΙΙ,
1109 2458 1180 2519 514.;
1210 2453 1253 2506 oui

81 2525 251 2596 explicationi
268 2525 354 2595 Heyn.
385 2525 524 2595 aptissime
555 2525 666 2594 opponit
696 2523 854 2594 parallelum
883 2522 960 2576 illum
978 2523 1089 2575 Homeri
1120 2521 1208 2574 locum
1226 2537 1252 2575 v.

81 2599 120 2648 65.
139 2595 216 2647 circla
233 2621 248 2632 ·
265 2621 280 2633 ·
298 2593 337 2645 ια’
357 2611 389 2646 sa
412 2598 595 2660 στυγέουσι
615 2599 680 2646 θεοί
696 2611 758 2662 περ.
794 2591 908 2645 Omnino
926 2590 997 2643 enim
1016 2590 1113 2656 omnia,
1152 2604 1201 2642 uae
1218 2587 1253 2642 ad

80 2663 196 2715 mortem
224 2663 253 2714 et
271 2659 307 2713 ad
324 2661 422 2716 Orcum
446 2660 592 2729 pertinent,
623 2661 675 2719 diis
693 2659 898 2727 hominibusque
915 2659 980 2712 sunt
997 2658 1095 2711 turma.
1130 2607 1171 2712 31.
1190 2656 1252 2734 Hor.

81 2727 170 2794 Od.1,
188 2731 230 2790 34,
251 2732 290 2781 10.
317 2727 385 2798 Styr
413 2736 439 2782 et
467 2729 552 2782 ioviei
578 2729 697 2782 torrido
714 2728 838 2782 Taenari
864 2728 947 2781 aerea
983 2726 1026 2792 (ln
1044 2724 1158 2779 'laenam
1182 2739 1252 2802 emm

98 2795 262 2851 romoutorio
281 2795 402 2864 Neptuni
431 2797 563 2864 templum
595 2799 654 2851 erat
682 2812 763 2866 super
780 2798 898 2856 antrum,
927 2809 975 2862 per
1010 2791 1063 2846 uod
1081 2791 1207 2847 descendr
1225 2806 1253 2843 rn

132 2879 180 2918 urn
212 2878 291 2932 posse
319 2866 423 2918 veteres
444 2866 599 2933 putabantt
634 2864 723 2919 Senes.
742 2863 820 2916 Herc.
838 2862 890 2915 fur.
910 2864 968 2914 664.
1019 2861 1046 2913 ie
1063 2859 1102 2925 (in
1120 2861 1253 2921 Taenaro)

82 2949 132 2986 era
160 2931 243 2985 solvit
262 2931 340 2984 Ditis
359 2931 450 2985 invisa
467 2935 572 2986 domem.
592 2932 656 2986 Hor.
674 2931 725 2985 Od.
742 2930 778 2994 ΙΙ,
800 2933 838 2995 14,
857 2933 897 2983 23.
920 2928 1025 2982 inomao
1042 2944 1184 2996 caspreerua
1203 2928 1253 2979 cto.

81 2997 141 3053 Vid.
170 2997 252 3053 ctiam
281 2998 387 3052 adnott.
416 2997 450 3052 ad
476 3000 541 3054 Aen.
559 2999 595 3063 II,
619 3004 676 3053 391.
695 3027 728 3038 -
744 3015 781 3050 aa
810 3013 852 3059 er,
884 2996 902 3051 i.
923 3012 945 3051 e.
978 2995 1099 3073 desuper,
1131 3007 1253 3073 superne,

81 3063 203 3121 ἄνωθεν.
240 3065 302 3119 Vid.
322 3065 357 3119 ad
374 3065 438 3120 Geo.
456 3066 492 3131 11,
512 3072 570 3121 351.
588 3096 620 3107 -
638 3068 766 3121 inmane
782 3016 1029 3141 iorotbromab
1048 3061 1164 3125 sosoma
1181 3061 1253 3112 selo-

81 3134 130 3188 broe
155 3132 291 3188 diversum
319 3136 347 3187 et
376 3134 426 3189 sub
445 3134 511 3188 Orco
541 3132 722 3204 quaerendum
752 3148 812 3186 esse
842 3131 920 3184 docet
937 3128 1022 3181 'Ihrel
1042 3127 1101 3181 ooli.
1121 3127 1200 3179 Hom.
1218 3125 1250 3178 11.
1325 3160 1328 3164 -

82 3199 156 3264 VIII,
175 3203 216 3254 16.
244 3200 333 3255 Senec.
352 3201 430 3255 Hero.
449 3201 502 3256 fur.
520 3205 560 3256 93.
583 3204 654 3254 1223.
685 3201 713 3254 et
731 3199 845 3254 Gronov.
866 3197 900 3250 ad
918 3197 978 3250 Seu.
996 3193 1103 3273 Ibyest.
1127 3196 1198 3246 1202.
1219 3222 1251 3230 —

80 3268 254 3339 trepident
282 3269 422 3321 inmisso
457 3269 580 3322 lumine
611 3268 742 3329 Mones,
773 3264 907 3319 sententia
940 3263 1075 3340 veteribus
1105 3258 1250 3340 admodum

79 3334 260 3406 frequentata.
278 3335 319 3392 (ii.
338 3335 416 3391 ovid.
435 3337 500 3390 net.
521 3336 549 3400 V,
569 3340 617 3388 357
636 3353 675 3406 sq.
695 3335 750 3401 (Ne
762 3363 773 3374 -
786 3363 797 3374 ·
810 3330 1070 3409 Iammmaqueudruea
1086 3330 1252 3407 trepcdouteo

80 3411 181 3458 terrem
196 3405 326 3468 umbras.)
361 3403 444 3458 Silius
461 3403 496 3468 X,
516 3408 573 3458 617.
592 3404 663 3458 Stat.
683 3402 766 3456 Theb.
786 3399 862 3465 VIII,
881 3402 920 3452 31.
939 3400 968 3451 et
984 3397 1085 3450 similes
1102 3397 1161 3450 loci.
1191 3395 1251 3449 Ser·

79 3471 138 3525 rius
168 3470 227 3540 (qui
254 3471 337 3524 etiam
365 3471 541 3526 conterendus
571 3471 605 3524 ad
626 3471 655 3537 V·,
674 3471 742 3535 739.)
772 3469 827 3522 iam
852 3467 992 3535 comparat
1008 3465 1109 3517 Lucan.
1128 3462 1174 3542 VI,
1194 3466 1251 3516 743.

79 3537 140 3601 ati,
154 3538 273 3609 peesime
290 3540 387 3591 mundi
404 3539 515 3593 Arbiter
531 3539 642 3606 (Pluto),
668 3538 809 3591 immittam
824 3533 915 3604 myrtis
933 3534 1034 3586 Pitana
1052 3548 1177 3585 caveram
1213 3531 1253 3609 1111

78 3606 173 3661 susm
192 3606 288 3676 serae
316 3606 369 3659 ue.
404 3606 445 3660 cr.
478 3607 561 3662 esum
580 3607 670 3660 surm.
700 3605 735 3659 su
754 3604 863 3658 reiron.
887 3618 909 3655 e.
931 3605 985 3654 120.
1007 3602 1035 3654 a
1052 3597 1134 3652 nrm.
1152 3571 1186 3651 ad
1204 3597 1251 3676 sn.

75 3674 117 3740 11,
138 3676 194 3729 129.
215 3705 241 3714 -
262 3674 501 3743 trepidentque.
524 3675 549 3727 V
598 3673 760 3742 otrepidoa
791 3687 831 3734 ue,
850 3667 930 3739 quod,
950 3667 1029 3721 modo
1049 3665 1153 3786 Copula
1169 3666 1250 3730 absit,

77 3742 165 3810 Hayn.
177 3740 384 3812 praeferendum
395 3746 499 3806 censet;
513 3743 569 3812 Gop
601 3758 644 3795 arn
657 3743 747 3794 autem
793 3737 870 3800 akei,
889 3735 1024 3814 Ribbeck,
1042 3735 1082 3813 Im
1101 3750 1147 3787 ew.
1161 3737 1189 3786 et
1200 3732 1250 3811 Be3

77 3810 159 3865 noist.
172 3824 233 3863 cum
245 3808 331 3870 Meo,
344 3809 411 3872 Pal,
425 3810 505 3878 Gud.,
517 3809 595 3863 Bern.
607 3809 653 3871 ΙΙ,
671 3807 759 3861 Nonio
771 3824 797 3875 p.
809 3808 867 3867 408,
880 3806 904 3857 8.
917 3805 945 3857 et
955 3801 1110 3856 mehonbus
1122 3799 1252 3854 Macrobn

76 3875 166 3931 codd.
185 3875 218 3940 V,
241 3879 279 3938 16,
299 3881 338 3931 ll.
355 3892 381 3945 p.
394 3881 453 3931 448.
470 3878 528 3932 lau.
547 3881 582 3945 (p.
604 3880 659 3930 123.
676 3875 747 3945 Bip.)
765 3873 903 3927 omittunt.
938 3869 990 3925 Sed
1008 3885 1068 3922 vers
1085 3868 1180 3935 Wagn.
1200 3867 1250 3931 Qu.

76 3944 162 4014 Verg.
181 3943 305 4005 XXXIV,
326 3948 363 3998 11.
398 3947 452 4012 (cui
480 3946 561 4026 etiam
579 3943 730 4012 Conington
753 3940 920 4020 adsentitur).
933 3938 1021 4003 docet,
1052 3935 1183 4014 Copulam
1204 3935 1251 3987 ab·

77 4002 1251 4149 1199119111111911.119.19111191999191

76 4162 130 4271 11
163 4144 235 4266 ud
263 4145 606 4269 99199919
625 4139 1252 4266 911991919199919

76 4228 204 4336 ὼλΐῖοατ
215 4229 551 4352 θεῶιὶἔνὲὶιίἶίαᾚίὲῗὲε,
561 4231 715 4341 3&miiaiin
729 4228 809 4335 tonali.
822 4249 949 4330 Ribbeck.
964 4276 992 4327 et
1001 4272 1127 4349 Coniurat,
1137 4269 1252 4336 Praepo-

75 4347 358 4412 sitIouemomittunt,
396 4366 445 4403 uae
458 4350 560 4402 sanein
573 4350 630 4402 Pal.
643 4353 699 4403 eta
729 4365 751 4400 r.
765 4363 800 4407 ιιι,
818 4343 929 4398 inlled.
948 4344 976 4394 at
989 4339 1059 4394 Gud.
1072 4335 1250 4392 deorderatur.

75 4448 113 4459 -
129 4412 197 4478 248.
215 4367 450 4487 „inarretaisid
470 4417 505 4469 ad
522 4417 579 4469 Ecl.
597 4416 648 4483 111,
668 4420 691 4469 8.
709 4364 774 4468 iao.
792 4413 843 4475 ΙΙΙ,
868 4416 921 4464 149.
940 4408 975 4461 al.
995 4406 1109 4475 adnott.]
1127 4406 1251 4456 redea-

77 4495 159 4549 tem,
188 4483 297 4537 iusolito
327 4487 356 4539 et
377 4483 510 4539 horrendo
530 4500 602 4537 more
619 4483 819 4537 vociferantem.
854 4478 990 4546 Frequens
1009 4472 1080 4542 apud
1093 4473 1253 4593 poetasest

77 4568 150 4607 usus
177 4567 272 4606 vocum
302 4552 399 4606 talium
430 4569 446 4606 a
477 4552 591 4606 clamore
618 4549 774 4605 animalium
804 4545 997 4600 traductarum.
1033 4541 1074 4594 Cf.
1116 4541 1200 4617 mestr
1217 4537 1251 4590 ad

79 4619 191 4676 callim
211 4618 439 4675 h.in1>el.5c.“
474 4619 564 4688 Herpa.
597 4618 648 4672 Hic
676 4621 766 4673 autern
795 4614 905 4667 verbum
923 4612 1023 4688 medere
1040 4623 1105 4660 eoa
1126 4609 1180 4659 trus
1200 4606 1251 4672 cst,

78 4703 146 4744 cum
173 4685 208 4741 dc
237 4687 411 4742 semihomioe
440 4691 475 4755 (v.
494 4690 563 4755 194.)
586 4688 692 4757 agatur,
721 4681 892 4754 quodetiam
911 4678 1062 4744 Conington
1116 4675 1200 4729 notat.
1219 4703 1251 4712 -
