2776 5070
461 222 692 288 AENEIDOS
715 224 806 289 LIB.
822 226 895 291 VII.

77 389 352 476 Tyrrhenamque
375 411 509 454 manum
531 397 696 475 tutamque
718 389 780 456 sub
800 414 893 458 arms
914 405 1061 463 coactam

77 474 289 559 Hesperiam.
331 472 437 536 Maior
458 495 568 536 rerum
588 471 667 536 mihi
689 475 834 538 nuscitur
853 475 933 541 ordo

75 558 189 620 Maius
212 578 295 655 opus
316 577 438 620 moveo.
482 554 554 620 Rex
576 577 658 621 arva
678 554 814 621 Latinus
837 566 870 623 et
891 527 989 625 urires

75 641 152 704 Iam
177 660 286 703 semor
307 638 406 723 longa
427 636 575 724 placidas
597 639 630 702 in
652 661 734 725 paee
756 638 899 726 regebat.

74 724 177 787 Hunc
200 722 315 787 Fauno
338 733 370 786 et
391 720 539 808 nympha
559 722 704 807 genitum
725 721 890 788 Laurente
911 723 1037 791 Marica

73 808 161 871 Aeci
188 807 288 887 imus3
310 805 426 870 Fauno
448 802 546 870 Picus
568 814 672 891 pater,
694 807 721 870 is
746 827 786 869 ue
805 817 973 892 parentem

74 891 137 969 Te,
160 829 309 970 Saturne,
333 888 451 971 refert3
475 897 509 952 tu
531 887 699 973 sanguinis
755 889 853 954 timus
874 899 997 956 auctor.

72 972 183 1037 Filius
206 973 281 1037 huie
302 973 368 1037 fato
391 970 503 1036 divom
525 968 697 1058 prolesque
719 970 825 1036 virilis

75 1056 178 1120 Nulla
201 1056 262 1119 fuit
286 1056 457 1142 primaque
478 1056 587 1120 oriens
609 1063 722 1140 erepta
743 1054 876 1119 iuventa
897 1064 953 1122 est.

72 1387 143 1443 illud
160 1387 266 1440 bellum
286 1404 339 1441 non
359 1388 466 1457 serpsit.
502 1388 542 1442 Do
567 1387 685 1457 antiquis
702 1387 799 1443 mlius
816 1387 923 1456 populis
942 1404 1085 1458 eorumque
1104 1391 1254 1458 originibus

74 1458 105 1511 ci.
126 1455 229 1525 Hcynii
248 1455 309 1509 Ere.
328 1455 374 1510 IV.
400 1455 435 1509 sd
457 1454 486 1511 h.
505 1455 525 1509 l.
560 1456 646 1525 Reges
675 1455 718 1509 hic
748 1456 949 1509 commemorati
981 1460 1153 1512 recensentur
1182 1460 1254 1516 infra

73 1542 96 1579 v.
115 1528 166 1577 647
186 1539 247 1592 sqq.
269 1553 298 1562 -·
316 1522 363 1582 44.
393 1523 510 1577 arator
538 1540 646 1577 reram
675 1526 774 1584 ordo,
803 1538 863 1592 pro:
895 1540 985 1577 rerum
1015 1523 1147 1578 maiorum
1178 1527 1252 1583 ordo.

72 1591 134 1645 Vrd.
157 1590 232 1644 infra
253 1590 288 1644 ad
305 1590 460 1658 VII1,526.
496 1590 623 1646 Ceterum
645 1591 678 1645 cf.
697 1590 832 1644 Ammian.
849 1588 909 1643 XV.
933 1607 958 1659 p.
978 1594 1018 1647 53.
1053 1593 1197 1660 (lemurum,
1224 1604 1255 1648 ut

72 1659 251 1712 illcatrmnus
277 1666 353 1712 vater
378 1659 525 1728 praedixit
551 1659 681 1722 creemus,
712 1659 802 1711 maius
819 1675 889 1779 appe
913 1675 1007 1712 ricveo
1024 1659 1168 1727 maiorque
1185 1661 1255 1715 arilei

71 1744 164 1780 renen
193 1725 321 1780 amciter
346 1730 426 1781 ordo.
462 1725 588 1780 Ceterum
606 1726 639 1781 cf.
660 1725 742 1781 etiam
760 1724 816 1780 uel.
872 1730 923 1792 ,5.
949 1725 1070 1793 errus
1088 1755 1099 1766 ·
1119 1754 1130 1767 ·
1149 1729 1254 1783 scocio-

72 1814 135 1847 rum
151 1793 278 1847 uaedmr
295 1796 374 1848 ordo.
406 1793 494 1848 Verba
510 1793 610 1849 Maior
626 1810 718 1848 rerum
735 1793 787 1847 tibi
801 1792 926 1847 nascitur
943 1795 1014 1847 ordo
1034 1792 1087 1847 le'
1119 1810 1150 1848 us
1171 1794 1253 1850 etiam

75 1862 103 1916 in
121 1861 203 1940 Xuth.
222 1861 286 1915 Lat.
304 1861 355 1925 ΠΙ,
377 1865 432 1924 124,
451 1865 485 1924 2.,
503 1864 535 1915 ut
552 1862 693 1931 sequentia
711 1862 807 1915 alcius
817 1878 899 1982 lym
915 1877 1008 1914 moveo
1027 1859 1065 1914 ibr
1086 1902 1092 1914 .
1110 1860 1133 1924 1,
1152 1863 1209 1924 tm,
1228 1867 1252 1917 6.

78 1927 291 1983 ethcrnsd.
311 1927 343 1983 P.
362 1929 423 1983 Lat.
441 1930 506 1983 min.
523 1929 560 1993 11,
579 1932 638 1991 230,
658 1935 683 1984 5.
701 1959 733 1968 -
752 1927 796 1989 45.
856 1929 966 1982 niueo
996 1939 1174 1992 tramarice,
1194 1929 1251 1984 scil.

80 1997 172 2062 auimo,
206 1996 223 2050 i.
243 2013 268 2050 e.
289 1997 385 2065 cogito,
416 1997 517 2051 molior.
554 1994 865 2060 cr.Hor.0a111,4,
889 1998 931 2048 68.
984 2011 1044 2049 mne
1061 1998 1143 2060 nesae
1160 1997 1252 2051 auimo

75 2071 217 2128 memes,
239 2063 317 2120 Orid.
336 2065 414 2118 Fast.
433 2064 480 2128 VI,
501 2069 559 2118 766.
585 2065 687 2119 nimiae
708 2070 832 2118 moverat
846 2063 916 2117 artis
934 2080 1013 2132 opem
1029 2064 1057 2116 et
1073 2062 1131 2117 Liv.
1150 2063 1252 2127 XXIII,

71 2136 112 2186 39.
142 2148 255 2186 mecm
284 2150 319 2185 ae
335 2131 432 2185 moir'ra'
447 2133 603 2202 quiequam.
638 2133 698 2186 mio
717 2148 797 2186 sensu
815 2130 1120 2186 intromitterentur
1138 2149 1251 2186 mecm.

69 2232 102 2239 —
123 2201 273 2253 Latium
290 2227 302 2238 -
317 2200 389 2253 Iam
404 2201 526 2254 senior.
545 2200 585 2255 CI.
607 2199 640 2265 V,
654 2204 708 2254 129.
726 2195 1091 2268 V1,3m.-46.inpaee
1107 2201 1252 2277 repebat.

69 2268 113 2321 Cf.
135 2266 216 2328 VIII,
235 2269 295 2320 325.
331 2266 449 2332 „Latini
477 2284 564 2336 genus
593 2267 628 2322 ad
645 2268 793 2322 Saturnum
822 2265 948 2332 refertur,
977 2265 1058 2319 deum
1075 2266 1252 2335 Aboriginum

69 2335 232 2415 indigetem,
263 2350 323 2388 cunr
341 2334 428 2388 Crono
458 2337 608 2404 comparari
640 2335 759 2390 solitum.
795 2333 849 2403 [cf.
868 2333 1069 2402 Spengenberg.
1099 2332 1131 2388 de
1153 2334 1252 2389 veteris

71 2404 144 2457 lietu
174 2401 270 2470 religg.
291 2401 443 2458 domesticis
507 2403 558 2471 56]
593 2403 634 2458 Ab
653 2403 705 2458 hoe
722 2402 803 2457 Picus
820 2403 976 2470 procreatus
1016 2418 1046 2454 ex
1064 2400 1114 2454 hoe
1133 2401 1252 2467 Faunus,

70 2469 166 2525 Latini
215 2471 303 2523 ster.“
339 2469 429 2539 Hcyn.
462 2420 503 2524 lie
534 2471 591 2539 ipso
623 2471 746 2523 Latino
778 2473 868 2537 (quem
890 2468 960 2522 Herc
991 2467 1014 2521 's
1062 2467 1141 2531 etius,
1171 2485 1252 2591 quam

71 2538 170 2597 Fauni,
221 2537 276 2590 'um
295 2536 379 2591 fuisse
398 2540 492 2591 narrat
508 2537 586 2591 Dion.
606 2537 668 2593 Hal.
686 2538 708 2600 1,
728 2539 780 2603 43.)
799 2535 958 2592 aMezentio
976 2535 1031 2589 inte
1059 2538 1118 2590 ecto
1136 2536 1164 2590 et
1196 2535 1252 2590 ovis

71 2605 194 2659 Latiaris
223 2604 329 2658 nomine
357 2608 511 2658 consecrato
540 2605 665 2675 cultoque
696 2605 724 2658 iu
752 2604 844 2658 monte
874 2602 980 2660 Albano
1012 2601 1064 2656 vid.
1095 2603 1193 2658 Festus
1224 2621 1251 2673 p.

72 2679 130 2729 194.
171 2672 326 2741 Spengenb.
360 2671 381 2725 l.
410 2672 430 2725 l.
466 2689 492 2740 p.
524 2676 565 2727 64.
601 2676 629 2727 et
657 2672 761 2727 Preller
788 2672 869 2724 Rem.
899 2669 1018 2739 Mpthol.
1054 2687 1079 2738 p.
1111 2672 1153 2724 84.
1184 2673 1251 2734 676..

70 2741 103 2794 ue
122 2740 244 2793 Fauno
270 2743 371 2802 autem,
400 2739 457 2793 Pici
488 2740 643 2795 eCanoute
672 2740 735 2793 lilio.
765 2741 793 2794 et
822 2738 933 2807 antiquo
951 2737 1022 2792 Latii
1053 2754 1081 2791 re
1101 2755 1124 2801 e,
1176 2740 1252 2793 ostes

69 2812 180 2872 autem,
213 2823 274 2886 cum
308 2809 343 2861 ab
372 2806 486 2861 Hercule
519 2808 622 2861 occisus
652 2811 736 2865 osset.
772 2806 880 2859 numine
915 2804 1026 2859 fatidico
1054 2754 1100 2884 ¹eff
1127 2755 1199 2860 inira
1227 2823 1252 2859 v.

70 2880 103 2930 82
124 2891 184 2944 sqq.
217 2874 297 2929 Dion.
315 2873 377 2929 Hui.
396 2874 417 2936 Ι,
436 2878 477 2929 31.
508 2874 580 2932 Plut.
601 2875 695 2944 parali.
715 2875 761 2929 Gr.
780 2876 807 2928 ot
824 2874 856 2927 R.
877 2873 909 2927 H.
929 2875 971 2926 38.
991 2874 1088 2927 Iustm.
1107 2872 1208 2940 XLIII,
1228 2878 1251 2928 5.

70 2943 200 2997 Lactant.
217 2941 241 3008 Ι,
260 2944 302 2996 22.
330 2941 378 2995 alii
396 2945 423 2995 et
442 2942 592 3012 Spaupcub.
616 2943 636 2996 l.
654 2942 672 2997 l.
691 2961 716 3012 p.
739 2944 781 2994 63.
800 2974 833 2980 -
852 2939 898 3001 47.
930 2940 1103 3007 ..Martem
1134 2939 1253 3019 nympha

72 3011 156 3074 Latii,
185 3009 263 3062 cuius
295 3008 388 3078 religio
414 3009 486 3078 apud
505 3008 706 3064 Minturnenses
733 3011 840 3063 servata
857 3011 908 3074 est,
939 3010 966 3061 et
982 3007 1059 3061 lucus
1080 3006 1114 3060 ad
1132 3008 1159 3060 fl.
1178 3007 1252 3061 Lirin

71 3077 257 3132 consecratus.
294 3076 494 3130 Laurentem
516 3095 573 3132 eaur
593 3078 722 3148 appellat,
750 3076 821 3146 quod
841 3075 1008 3143 Aborigines,
1036 3074 1193 3140 Laurentes,
1226 3077 1253 3128 et

72 3161 174 3200 nomen
193 3144 321 3199 Latinum
351 3145 385 3198 ad
403 3143 487 3198 Lirim
519 3162 603 3213 usque
643 3144 796 3198 tertiuuisse
825 3143 959 3196 videtur.“
996 3141 1085 3209 Ilepu.
1121 3142 1164 3193 Sic
1186 3140 1253 3195 adeo

73 3213 184 3266 Turnus
202 3211 274 3266 infra
292 3228 316 3266 v.
336 3214 393 3265 656,
412 3213 538 3266 Laureae
556 3212 636 3280 arpel
648 3216 719 3266 atur.
748 3211 789 3263 (ii.
810 3211 891 3262 etiam
910 3207 981 3261 infra
998 3224 1021 3261 v.
1041 3212 1082 3261 64.
1100 3207 1189 3276 ibique
1206 3208 1254 3261 ad-

70 3285 142 3335 nott.
177 3280 219 3334 Dc
236 3278 340 3332 Marica
371 3279 404 3333 cf.
423 3279 497 3333 Serv.
516 3278 551 3333 ad
568 3229 596 3332 ir
616 3279 633 3333 l.
658 3282 686 3333 et
704 3277 817 3338 auxil,
840 3280 894 3329 164,
924 3277 951 3328 et
969 3273 1072 3328 Preller
1094 3274 1132 3327 R.
1156 3275 1201 3328 M.
1224 3292 1252 3345 p.

70 3353 129 3403 342.
156 3351 225 3409 363..
257 3345 344 3415 deque
373 3347 430 3401 eius
462 3347 522 3400 lucu
552 3348 580 3400 et
597 3346 696 3414 palude
718 3344 775 3400 Iria.
799 3343 911 3405 XXVII,
932 3346 972 3396 37.
991 3342 1092 3396 Lucan.
1114 3340 1176 3406 VII,
1195 3345 1252 3397 424.

69 3416 148 3470 Plut.
172 3415 239 3469 lIar.
264 3417 306 3468 39.
336 3413 399 3469 Hor.
420 3413 539 3477 0u.111‚
563 3418 602 3478 17,
629 3419 651 3468 7.
684 3417 712 3466 ot
731 3412 826 3467 Vellei.
846 3411 881 3474 11,
910 3415 946 3464 19.
965 3440 999 3448 -
1016 3409 1062 3470 48.
1093 3409 1134 3463 De
1152 3410 1251 3478 Pico,

70 3481 477 3605 peni,0ipidavhqmts}ilporpi2qis
498 3484 629 3602 mutatup,
642 3481 765 3602 Pllrutiqip
784 3479 892 3602 ppacpga
916 3476 1255 3610 pqiqisspugqrqurkoprae-

100 3569 114 3605 r
208 3566 297 3605 .e.
384 3591 390 3611 ,
482 3566 624 3603 semu.
677 3567 713 3600 ur.
819 3587 884 3608 ‚.
950 3563 988 3599 u.
1083 3563 1116 3598 s.
1205 3563 1251 3600 .e.

69 3622 113 3672 m.
134 3617 261 3672 uastant.
279 3616 303 3684 I,
321 3619 362 3670 22.
392 3617 490 3685 Heynii
530 3634 569 3671 ro.
586 3617 618 3670 V.
638 3617 672 3670 ad
690 3616 716 3669 h.
735 3589 765 3669 1.'
784 3614 937 3683 Spungoub.
961 3631 987 3681 p.
1006 3617 1038 3666 62
1057 3630 1096 3682 sq.
1127 3615 1155 3665 et
1176 3562 1252 3667 1ilar-

70 3689 151 3764 tung.
170 3685 235 3738 Rei.
253 3685 281 3737 el.
302 3683 338 3736 Ii.
357 3684 394 3738 11.
413 3702 437 3753 p.
461 3688 508 3738 173
527 3702 585 3753 sqq.
607 3715 638 3721 —
659 3683 704 3745 49.
735 3684 847 3751 refert
875 3682 924 3735 aut
940 3680 1071 3734 Praesens
1102 3678 1165 3733 hist.
1195 3697 1253 3736 esse

69 3754 226 3822 Conington
254 3754 386 3806 memorat
412 3753 462 3805 aut
491 3753 624 3821 respicere
643 3751 738 3805 Picum
759 3751 907 3803 etiamnum
929 3748 999 3801 inter
1029 3747 1091 3801 deos
1110 3747 1253 3802 viventem.

70 3820 148 3876 Illud
178 3818 328 3889 simplicius
358 3820 473 3873 videtur.
496 3850 528 3857 -
556 3820 742 3886 conquirite.
780 3816 840 3871 Vid.
871 3814 905 3869 ad
935 3815 957 3876 I,
991 3818 1031 3868 m.
1060 3845 1088 3853 -
1114 3815 1254 3870 ultimus

70 3896 207 3944 «metor.
244 3886 395 3955 Conington
426 3889 566 3955 comparat
596 3888 720 3941 tutiorem
749 3885 881 3953 orr'qincm
909 3899 952 3951 ap.
970 3881 1070 3937 Catuli,
1091 3882 1138 3945 IV,
1161 3887 1200 3936 15.
1221 3914 1253 3921 -

68 3955 114 4018 50.
147 3959 226 4020 suto
257 3955 378 4009 divom.
414 3954 475 4009 Vid.
507 3955 611 4008 uduott.
641 3954 675 4008 ad
694 3954 730 4018 II,
754 3958 794 4007 54.
821 3954 849 4005 et
866 3950 917 4015 111,
943 3954 1049 4003 511—
1069 3947 1114 4009 51.
1147 3949 1253 4003 Nulla

69 4025 127 4089 sui
134 4030 147 4075 t
164 4023 209 4090 (cf.
229 4020 333 4077 ednott.
353 4021 388 4076 ad
405 4023 472 4076 Aen.
491 4021 528 4085 II,
547 4023 626 4087 586),
657 4022 712 4075 scil.
744 4038 773 4074 oo
797 4022 925 4086 tempore,
953 4034 1004 4087 quo
1026 4018 1130 4071 Aeneas
1149 4017 1176 4070 iu
1196 4018 1252 4071 lta·

71 4092 141 4145 liam
160 4091 244 4153 venit,
260 4090 422 4159 prensaque
441 4092 515 4153 cett,
536 4089 553 4143 i.
567 4106 590 4144 o.
609 4105 680 4144 nam
698 4089 793 4157 prIma,
813 4103 881 4157 quac
898 4085 997 4150 suerat,
1018 4087 1110 4163 ereuta
1129 4088 1170 4138 est
1189 4084 1251 4152 (vid.

69 4159 105 4213 ad
124 4158 160 4224 X,
180 4161 230 4211 618
249 4159 311 4225 sq),
345 4173 509 4227 quemquam
537 4157 619 4212 etiam
642 4157 791 4224 simplicius
814 4171 874 4209 eum
893 4153 988 4221 Wagn.
1007 4102 1138 4220 erpicure
1153 4168 1251 4273 possu-

69 4242 147 4282 mus:
177 4227 228 4290 „et
265 4239 315 4279 uae
333 4241 391 4279 csse
409 4241 455 4280 coc
473 4224 505 4286 it.
534 4241 565 4280 ea
583 4229 676 4294 erepta
693 4226 735 4278 ost
752 4222 805 4277 oi.“
841 4221 956 4288 Ladew,
977 4235 1134 4289 comparans
1167 4219 1189 4280 I,
1209 4223 1251 4273 94.

69 4295 103 4357 X,
124 4298 184 4349 344.
205 4294 233 4347 et
274 4243 536 4359 6416011134,
558 4296 613 4346 141.
644 4292 717 4346 eim
746 4299 771 4345 tc
800 4290 911 4361 cffupict
940 4296 1041 4357 atquc
1064 4304 1148 4365 portae,
1178 4289 1255 4354 quod

70 4364 125 4416 crit
144 4361 175 4414 iu
194 4377 232 4423 rc,
254 4367 385 4423 oemrrer,
405 4359 536 4427 Copulam
556 4361 646 4429 potius
664 4376 713 4429 pro
730 4358 805 4413 Part.
825 4356 998 4412 adversativa.
1018 4355 1133 4424 positam
1151 4355 1250 4412 censet.

68 4429 180 4486 Peerlk.
210 4428 267 4482 sine
294 4429 368 4482 iusta
398 4444 479 4483 causa
498 4429 578 4483 verba
617 4430 739 4496 rimuque
757 4427 847 4480 oriere
864 4433 957 4504 erepta
977 4425 1085 4477 arcente
1104 4429 1143 4474 est
1162 4439 1174 4473 s
1194 4421 1253 4476 uria

70 4501 174 4554 censet.
209 4495 300 4553 Verba
316 4495 409 4550 Fatus
426 4495 491 4549 huie
509 4527 520 4536 -
536 4525 547 4535 ·
568 4526 579 4536 -
627 4496 686 4550 ullu
704 4495 762 4559 fuit
786 4494 852 4547 citet
871 4495 953 4547 otram
971 4490 1057 4545 Schol.
1078 4488 1149 4541 Stat.
1211 4491 1252 4545 eb.

69 4568 93 4630 1,
114 4569 175 4621 393.
195 4595 228 4604 -—
247 4565 381 4617 iuventa
409 4571 466 4617 eat.
501 4563 619 4618 Verbum
651 4562 851 4617 substantivum
882 4561 960 4615 abest
986 4577 1002 4612 a
1029 4555 1133 4609 duobus
1152 4556 1249 4622 Codd.;

72 4635 120 4689 sed
151 4632 314 4688 sentcntimu
338 4646 495 4701 praegresso
516 4632 595 4688 verbo
612 4631 688 4686 finito
707 4645 754 4699 per
772 4628 901 4696 copulam
922 4623 1105 4696 superioribus
1123 4623 1253 4682 adnexam
