2872 5070
481 271 712 341 AENEIDOS
732 270 818 337 LIB.
838 269 914 337 XIL

105 439 255 521 Parthus,
278 439 347 503 sive
369 437 496 525 Cydon,
518 438 617 505 telum
638 436 876 518 inmedicabile,
898 438 1002 519 torsit,

105 523 254 591 Stridens
276 535 307 586 et
329 521 443 588 celeris
466 523 631 622 incognita
653 520 795 587 transilit
818 520 967 586 umbras:

105 606 197 672 Talis
222 628 256 670 se
279 613 350 670 sata
371 606 473 670 Nocte
493 605 567 671 tulrt
589 615 759 693 terrasque
782 605 907 692 petivit.
1227 614 1278 667 860

104 691 283 775 Postquam
306 690 392 753 acies
415 688 503 753 videt
523 688 642 754 iliacas
663 698 761 774 atque
784 688 916 773 agmina
940 686 1045 753 Turni

106 772 201 839 Alitis
224 774 258 835 in
281 793 404 859 parvae
424 770 565 838 subitam
588 769 722 837 collecta
744 769 893 855 figuram,

167 975 314 982 -..-—-—-.-

106 1107 171 1159 Aen.
192 1102 238 1169 IV,
257 1106 316 1156 514.
335 1101 371 1155 al.
390 1101 514 1156 Ceterum
534 1105 634 1158 temere
651 1103 709 1158 Viri
727 1103 800 1158 docti
817 1102 962 1157 haeserunt
978 1101 1006 1155 in
1023 1100 1160 1170 geminato
1177 1097 1281 1153 Parthi

106 1171 220 1235 nomine,
239 1169 279 1224 ita
296 1172 328 1222 ut
346 1168 467 1224 Waddel.
484 1170 512 1223 in
529 1171 689 1225 Animadsv.
706 1172 778 1226 critt.
798 1188 825 1240 p.
844 1174 887 1225 99.
903 1169 1045 1224 conficeret
1061 1169 1139 1222 Arca
1156 1167 1214 1221 eive
1228 1165 1279 1237 Cy·

106 1242 172 1317 don,
189 1238 270 1292 Lena.
291 1237 386 1290 Cerno
402 1237 459 1290 eive
478 1238 583 1307 Cydon,
608 1239 746 1294 Schrader.
767 1238 846 1293 Obss.
865 1238 887 1304 Ι,
906 1241 930 1291 2.
948 1238 1040 1307 patrii
1054 1253 1138 1306 qaam
1156 1234 1220 1302 selle
1236 1249 1281 1287 ve·

106 1323 170 1360 nens
189 1305 320 1371 Parthas,
353 1306 434 1373 atque
464 1306 545 1360 etiam
564 1306 651 1375 Heyn.
669 1307 697 1359 in
715 1307 813 1360 iterato
830 1306 935 1360 Parthi
950 1304 1056 1359 nomine
1073 1301 1213 1372 epitheton
1230 1300 1280 1358 ali-

107 1372 177 1443 quod
197 1389 244 1427 seu
262 1372 367 1425 Parthi
383 1388 430 1425 seu
446 1372 525 1438 fellr‘s
542 1373 627 1427 latere
646 1375 836 1442 auspicaretur.
871 1372 924 1427 Sed
942 1375 1013 1426 recte
1030 1371 1100 1426 hanc
1118 1370 1281 1424 insulula·

107 1461 155 1496 σιν
184 1443 247 1508 post
266 1439 447 1494 Weichertum
476 1439 509 1494 de
539 1457 623 1495 seres.
652 1441 731 1495 iniur.
759 1457 850 1510 suspp.
869 1457 894 1520 p.
913 1444 954 1495 94.
974 1438 1121 1493 defendunt
1138 1437 1234 1506 Wagn.
1253 1437 1282 1490 et

107 1508 192 1572 Iahn.‚
226 1508 271 1586 qui
300 1508 368 1560 bene
396 1511 597 1588 perspexerunt,
626 1525 690 1563 voce
707 1509 829 1561 Parthas
857 1507 1002 1576 significari
1021 1505 1193 1584 sagittarium
1213 1503 1280 1557 artis

108 1591 171 1629 suae
190 1575 393 1643 perrtissirnum,
413 1579 440 1628 et
458 1575 492 1629 ad
511 1576 728 1644 amplificandam
746 1577 815 1630 hanc
833 1574 1059 1645 praestantissimi
1077 1571 1213 1641 sagittarii
1232 1587 1281 1624 no-

107 1645 206 1697 tionem
238 1646 376 1710 praeterea
404 1641 467 1695 addi
487 1643 631 1712 Cydonem,
660 1643 707 1698 sed
736 1660 784 1711 pro
814 1643 920 1711 vulgari
936 1642 1057 1695 Parthos
1079 1647 1104 1692 et
1124 1639 1220 1709 Cydon
1238 1636 1282 1692 vel

107 1729 166 1764 com
184 1710 291 1763 Partho
310 1709 405 1777 Cydon
425 1711 524 1764 maiore
543 1728 603 1764 cum
623 1711 757 1780 elegantia
775 1711 826 1764 scri
846 1715 903 1763 tum
923 1725 981 1763 osse
999 1709 1129 1769 Parthae,
1159 1705 1281 1759 Parthus

107 1780 163 1831 sive
183 1777 287 1846 Cydon,
313 1782 345 1829 ut
375 1777 467 1845 igitur,
497 1779 568 1846 quod
591 1777 657 1832 alibi
674 1779 700 1832 in
720 1778 821 1832 eiusmo
843 1778 849 1790 ‘
868 1776 1057 1832 iterationibus
1076 1773 1206 1844 repetitae
1224 1771 1281 1826 roci

108 1845 188 1899 adiici
206 1843 293 1898 soleat
310 1843 525 1899 additamentum
545 1846 681 1899 notionem
698 1844 741 1899 vel
761 1861 863 1924 augens
880 1844 921 1898 vel
942 1843 1090 1904 illustrans,
1121 1840 1165 1894 hic
1195 1838 1281 1894 conti·

108 1915 205 1967 neatur
233 1911 322 1965 verbis
350 1910 450 1964 additis
479 1913 536 1965 sive
556 1911 659 1981 Cydon.
695 1913 735 1967 Cf.
755 1913 806 1966 locs
825 1911 956 1965 simillimi
974 1910 1031 1964 Ecl.
1050 1910 1097 1975 VI,
1116 1911 1154 1961 20.
1173 1906 1237 1962 Geo.
1256 1905 1280 1970 I,

111 1986 141 2034 to
160 1997 200 2050 sq.
231 1980 295 2032 Aen.
313 1978 363 2039 ΠΙ,
381 1982 438 2032 334.
468 1979 514 2041 Vl,
534 1983 592 2033 too.
622 1980 655 2047 X,
674 1983 729 2034 822.
762 1979 901 2034 Schrader.
924 1978 959 2033 ad
976 1979 1115 2032 Musaeum
1132 1993 1158 2056 p.
1178 1976 1282 2054 mati

109 2045 455 2111 adnott.adllcl.VI,20.
474 2048 625 2101 -telam
644 2048 898 2109 inmedicabile,
927 2045 996 2116 qnod
1016 2044 1113 2099 vulnus
1131 2041 1281 2096 msauabrlo
1318 2104 1321 2110 ¹

108 2113 200 2168 infert.
222 2144 250 2152 -
268 2111 333 2174 859.
362 2112 550 2182 incoquitur,
568 2130 635 2183 quae
653 2116 710 2168 tam
728 2114 851 2169 celeriter
868 2114 949 2175 volat,
968 2119 1000 2166 ut
1018 2112 1156 2166 oculorum
1173 2125 1281 2165 sensnm

109 2181 197 2242 fallat,
227 2180 301 2248 prius
333 2179 422 2247 feriat,
454 2197 546 2260 quam·
564 2188 705 2248 conspecta
723 2183 766 2235 sit.
788 2211 820 2220 —
838 2185 973 2235 umbrae
996 2180 1023 2246 ti.
1041 2197 1063 2234 e.
1081 2185 1127 2232 aer
1144 2178 1282 2297 obscurusd

109 2247 304 2369 εειιιεε
327 2249 727 2383 tresenreuter
745 2248 1280 2394 petarcasanatae,

110 2398 214 2451 semper
242 2383 384 2435 moventur
414 2382 556 2450 locumque
585 2385 708 2444 mutant,
744 2382 856 2453 ideoque
885 2384 965 2438 etiam
1001 2382 1131 2449 sagittam
1160 2378 1283 2446 colenter

108 2449 308 2504 transmittunt.
343 2448 383 2502 Ci.
414 2448 511 2502 celeres
541 2467 627 2503 carae
642 2448 690 2516 IV,
720 2453 777 2503 226.
805 2453 862 2504 ato.
889 2454 956 2512 357,
989 2464 1071 2519 quare
1099 2462 1152 2499 uon
1183 2445 1281 2500 mirum

109 2517 198 2572 Servio
223 2519 293 2570 teste
322 2515 404 2569 etiam
434 2516 477 2570 hic
495 2516 579 2570 Oodd.
597 2516 727 2585 quosdam
745 2515 869 2570 exhibere
886 2533 979 2569 auras.
1020 2513 1172 2578 Ladewiqio
1189 2515 1282 2568 mmen

109 2585 214 2640 ridetur
243 2583 382 2652 epitheton
411 2583 500 2637 miuus
529 2587 631 2646 atum,
662 2587 733 2637 certe
764 2598 1004 2652 superuacaneum
1035 2584 1063 2635 et
1080 2580 1207 2636 Ribbeck.
1233 2596 1282 2650 pro

109 2660 134 2704 et
164 2651 262 2705 celera
291 2649 404 2704 coniecit
430 2669 463 2704 en
484 2658 541 2704 tene
575 2651 606 2718 is,
635 2651 692 2720 ipse
710 2653 801 2705 tamen
818 2650 880 2704 huic
898 2649 1075 2712 coniecturae,
1105 2650 1136 2702 ut
1165 2647 1280 2709 videtur.

108 2736 160 2772 uon
186 2719 300 2772 multum
332 2717 462 2771 tribuens.
497 2718 584 2771 Aliter
607 2717 717 2772 Gerra:
748 2718 888 2785 „trannlit
914 2719 1032 2781 umbros,
1057 2731 1124 2786 quas
1153 2715 1224 2769 infra
1253 2730 1283 2770 se

109 2786 168 2854 ipsa
188 2785 261 2845 iacit,
281 2784 343 2837 dum
363 2801 410 2853 per
429 2791 517 2839 altram
535 2784 616 2851 volat,
636 2785 778 2839 sterteres
795 2801 841 2840 eae
858 2786 970 2839 umbrae
987 2787 1059 2849 sunt,
1083 2799 1143 2838 cum
1161 2782 1283 2838 celeriter

109 2854 181 2907 solet
207 2853 370 2922 umbraeque
398 2852 529 2921 sagittam
548 2854 733 2922 sequantur;“
764 2869 831 2922 quae
850 2852 992 2921 explicatio
1011 2851 1089 2920 paulo
1106 2849 1282 2906 artificiosior.

110 2921 235 2974 Ceterum
257 2920 341 2987 Hcyn.
372 2923 511 2984 memorat,
537 2921 684 2986 Maronem,
717 2921 740 2973 si
759 2936 866 2975 carmen
885 2920 1026 2974 emendare
1044 2919 1069 2973 ei
1085 2917 1215 2983 licuisset,
1239 2917 1283 2970 rix

108 2987 152 3041 hic
181 2990 224 3041 ter
251 2986 363 3041 eandem
393 3003 484 3041 vocem
514 2988 684 3042 seruaturum
703 2987 786 3042 luisse
803 3005 828 3042 v.
849 2991 906 3042 853.
926 2991 981 3042 855.
1001 2990 1058 3042 959.
1091 2987 1189 3054 Wagu.
1218 2998 1282 3039 vero

110 3056 215 3123 poetam
245 3053 367 3109 consulto
390 3054 429 3108 sio
446 3055 584 3134 scripsisse
608 3057 706 3118 censet,
738 3072 789 3125 quo
807 3055 894 3123 magis
912 3071 944 3108 ur
964 3056 1054 3108 eretur
1082 3054 1120 3107 rei
1149 3049 1282 3107 celeritas.

109 3153 142 3162 -
160 3121 225 3183 860.
259 3121 355 3174 Talia
381 3139 416 3175 ee
445 3123 535 3176 tolet.
576 3121 617 3178 Cf.
646 3121 669 3186 Ι,
696 3126 754 3176 314.
785 3122 836 3187 ΙΙΙ,
856 3126 914 3176 319.
970 3125 1056 3188 ,tlt
1086 3122 1136 3173 eto.
1157 3125 1284 3171 -sato

110 3189 227 3243 Nocte.
264 3188 306 3242 Cf.
325 3188 386 3252 VII,
405 3193 464 3244 331.
488 3189 573 3257 Virro
604 3196 665 3242 sata
683 3190 771 3245 Nocte
803 3193 831 3243 et
849 3190 901 3243 vid.
920 3187 1024 3242 adnott.
1043 3186 1078 3242 ad
1097 3187 1160 3241 Geo.
1180 3186 1202 3250 Ι,
1221 3188 1281 3238 299.

110 3259 138 3311 ct
157 3256 190 3310 al.
210 3286 241 3294 —
261 3252 326 3316 862.
358 3256 466 3320 „Habet
494 3256 560 3311 haec
577 3256 683 3320 Furiae,
713 3273 781 3327 quae
810 3260 852 3311 est
871 3254 1071 3326 αΙοΙόμορφος,
1104 3254 1131 3307 in
1151 3252 1285 3306 bubonem

110 3324 226 3378 mutatio
254 3323 365 3393 aliquid,
394 3324 465 3394 quod
495 3323 637 3392 insigniter
665 3324 699 3378 ad
730 3326 860 3378 terrorem
883 3321 1115 3378 accommodatum
1134 3323 1175 3376 eet
1193 3335 1224 3373 er
1242 3334 1285 3375 ve·

111 3393 197 3445 terum
228 3391 435 3459 superstitione;
462 3407 493 3445 ex
523 3406 576 3460 qua
601 3396 721 3446 recentes
739 3408 844 3462 quoque
861 3394 958 3470 poetae
975 3389 1100 3444 certatim
1119 3386 1285 3442 transtulere

129 3459 254 3528 rassagia
282 3459 420 3513 bubonum
452 3463 479 3513 et
502 3463 669 3513 noctuarum.
705 3459 842 3513 Maronem
859 3457 984 3512 smitatur
1002 3455 1097 3511 Claud.
1128 3456 1156 3509 in
1173 3455 1285 3523 Eutrop.

110 3474 146 3588 ll,
165 3529 214 3579 229
233 3543 291 3596 sqq.
309 3556 340 3565 -
359 3526 468 3580 Alitis
482 3543 625 3596 parvae.
661 3525 775 3580 Videtur
792 3528 865 3581 recte
883 3527 1055 3580 obseruatum
1073 3539 1090 3577 a
1107 3523 1206 3589 Servio,
1233 3520 1285 3576 hoo

113 3593 231 3646 alienum
264 3611 322 3648 esse
352 3610 368 3648 a
392 3594 507 3658 bubone,
538 3609 617 3662 quem
636 3594 734 3662 grandi
751 3610 809 3648 esse
823 3609 933 3663 corpore
953 3593 1019 3646 satis
1037 3593 1152 3646 constat.
1188 3589 1285 3660 [Quare

111 3660 169 3713 Viri
193 3660 265 3715 docti
288 3661 457 3716 coniecerunt
478 3679 573 3729 rarae,
603 3677 717 3727 raucae,
744 3662 855 3729 sorece,
877 3660 1001 3731 parrae]
1035 3660 1071 3713 Et
1092 3659 1182 3728 potuit
1206 3659 1286 3728 poeta

110 3730 223 3781 noctuae
256 3745 342 3797 genus
371 3728 492 3799 aliquod,
525 3745 549 3782 v.
584 3744 605 3784 c.
641 3727 781 3783 minimam
811 3727 888 3783 illam
919 3729 1059 3794 noctuam,
1092 3741 1173 3795 quam
1207 3726 1285 3794 fune·

110 3812 185 3846 ream
203 3795 306 3862 dicunt,
324 3795 381 3849 inte
406 3797 411 3809 '
434 3812 485 3852 ere.
521 3795 634 3865 Reliqua
659 3797 749 3850 tamen
769 3795 872 3850 buboni
891 3793 1135 3849 accommodatiora
1152 3793 1197 3860 (ci.
1214 3792 1284 3848 Plin.

110 3860 143 3920 X,
167 3863 204 3921 12,
226 3864 265 3913 16.
284 3863 313 3915 et
332 3862 400 3916 sicl
426 3904 432 3925 ‚
451 3867 500 3916 462
519 3866 594 3933 seq).
630 3864 726 3932 Itaque
742 3881 862 3934 parvom
886 3862 1068 3932 comparative
1085 3860 1284 3942 accipiendum:

112 3927 163 4006 dea
192 3930 315 4006 mutatur
338 3929 364 3982 in
383 3946 459 3984 arem
476 3946 585 3999 parvam
605 3932 729 4000 respectu
747 3930 841 3985 deae.“
879 3930 969 4000 Heyn.
1004 3931 1090 3998 Quam
1109 3929 1223 3999 epitheti
1242 3944 1286 3982 er-

131 3995 284 4049 hcatronem
303 3997 384 4050 etiam
403 3997 478 4050 iuvat
496 3996 673 4067 Partioipium
692 3999 851 4062 collecto,
883 3998 900 4053 i.
920 4014 942 4055 c.
962 3999 1110 4061 contracta,
1140 3997 1284 4051 coarctata.

111 4012 152 4116 bf.
173 4062 230 4116 Tib.
251 4063 273 4129 Ι,
293 4066 318 4129 8,
342 4068 379 4116 ll.
408 4065 539 4144 Ansaque
568 4081 737 4136 compressos
767 4066 875 4135 eolliqit
891 4073 955 4119 orta
971 4067 1064 4136 pedae.
1094 4063 1147 4117 Pro
1169 4062 1241 4125 .1v‚
1260 4065 1285 4125 8,

111 4129 171 4196 (ΙΙΙ,
192 4131 228 4195 9,)
246 4133 287 4183 29.
306 4130 415 4194 Parcis,
442 4138 468 4183 et
484 4150 513 4183 sn
531 4139 621 4186 tenues
637 4133 765 4187 laomtlem
782 4141 807 4188 te
826 4133 935 4201 colticis
958 4133 1088 4193 ambram,
1116 4080 1243 4185 Veiorum
1260 4135 1287 4184 et

106 4199 205 4268 plenos
230 4199 368 4251 adtrahis
394 4199 453 4269 ipse
480 4200 563 4253 einim
595 4199 699 4268 Apulei.
717 4201 795 4269 Apol.
815 4204 856 4255 21.
873 4218 900 4270 p.
918 4204 976 4256 439.
995 4198 1062 4255 Oud.
1083 4197 1172 4267 cupio
1188 4216 1229 4251 me
1248 4197 1288 4250 ad

108 4266 490 4388 irlililhwi‘ti‘siliw
504 4265 1184 4391 iiiirshlimrdllt²i0⁶⁰²l⁶⁰i⁰hiiiii
1204 4265 1285 4386 th·

628 4351 1046 4400 .e.,.esur
1186 4371 1284 4386 ..

111 4399 383 4466 cumGeo.ll,154.
419 4401 515 4470 Wagn.
534 4402 600 4457 haec
618 4402 747 4458 adnotat:
780 4402 915 4468 ‚‚collecto
939 4419 999 4456 cum
1014 4351 1114 4469 ipsum'
1143 4399 1287 4454 arvitatem

112 4469 247 4535 {quandam
277 4468 386 4536 iudicet,
417 4469 484 4523 satis
504 4469 593 4524 fuerat
610 4469 726 4525 scrihere
743 4487 876 4525 ceroma
894 4470 973 4541 [quod
991 4468 1104 4537 praebet
1149 4467 1199 4535 ed,
1230 4467 1284 4522 lor·

111 4542 184 4588 tasse
216 4552 247 4590 er
266 4553 290 4589 v.
310 4540 368 4591 623.
399 4535 451 4591 huo
479 4537 666 4606 translatum];
695 4538 742 4593 sed
763 4538 851 4593 solent
868 4540 974 4592 veteres
993 4535 1046 4590 sori
1065 4538 1138 4590 tores
1157 4534 1287 4591 vocabula

112 4616 172 4680 cum
191 4602 288 4658 Verbis
308 4608 438 4674 cognatae
455 4604 659 4675 significationis
678 4606 847 4676 coniungere,
871 4610 903 4659 ut
920 4605 973 4658 Cic.
993 4618 1028 4672 pa
1057 4642 1064 4656 .
1082 4620 1119 4658 or.
1138 4606 1178 4658 32.
1194 4607 1286 4674 parti·

112 4676 211 4725 tionem
238 4672 412 4743 ds'etribttere,
442 4676 470 4728 et
496 4688 520 4731 e.
551 4678 592 4730 49,
621 4672 748 4730 dividae
763 4674 928 4746 partitiones
947 4673 1019 4729 etc.‘⁴
1053 4670 1097 4726 Cf.
1116 4671 1199 4727 etiam
1218 4687 1286 4743 quac
