2872 5070
11 840 18 851 .
120 790 251 853 Deserit
273 787 419 872 angustis
441 786 599 852 inclusum

518 287 634 354 CIBIS
656 311 686 352 v.
709 291 892 354 459—471.

201 455 339 521 Labitur
360 458 484 519 interca
505 454 648 520 resoluta
671 453 713 520 ab
734 453 830 518 litore
852 451 976 529 elassis,

118 540 242 626 Magne
263 539 430 636 repentino
453 538 622 603 sinuentur
643 537 743 603 lintea
765 534 862 617 Coro,

118 623 276 688 Flectitur
298 644 331 685 rn
353 619 452 684 viridi
472 644 579 686 remus
602 621 680 703 sele,
702 619 860 705 languide
877 620 983 684 fessae

117 707 265 791 Virginis
283 705 316 769 in
338 726 434 768 cursu
456 706 593 769 moritur
616 704 817 852 puerimonia
838 702 944 789 longo.

633 785 769 851 auoibus
791 785 945 867 Isthmon,

119 871 317 958 Cypselidao
340 870 449 954 magni
466 868 617 934 florentia
638 891 740 955 regne
762 868 926 951 Corinthi,

117 955 280 1019 Praeterit
302 952 458 1038 abruptas
478 951 621 1018 Scironis
642 953 789 1039 protinus
812 973 903 1014 arces

119 1038 338 1122 Infestumque
360 1036 426 1099 suis
448 1035 539 1099 dirae
561 1034 735 1099 testudinis
756 1033 824 1097 exit

120 1120 292 1206 Spelaeum
315 1117 479 1205 multoque
503 1127 653 1183 cruentas
676 1117 804 1202 hospite
826 1125 944 1181 cautes.

118 1203 252 1290 lamque
274 1201 355 1266 adeo
378 1212 482 1266 tutum
503 1200 599 1287 longe
620 1201 759 1265 Piraeea
780 1200 883 1263 cernit

118 1286 162 1349 Et
184 1296 276 1349 notas
301 1283 382 1348 eheu
404 1285 526 1348 frustra
548 1293 711 1371 respectat
732 1281 885 1347 Athenae.

119 1369 189 1432 lam
212 1367 327 1456 procul
350 1389 367 1431 e
389 1367 487 1432 fluctu
511 1366 691 1432 Salaminia
714 1390 770 1430 sus
797 1367 854 1430 icit
876 1389 957 1429 arva

118 1451 352 1537 Florentesque
374 1449 464 1515 videt
485 1451 551 1515 iam
574 1389 857 1538 Cycladas3hinc
879 1450 968 1514 sinus
990 1449 1038 1514 illi

117 1718 155 1785 (in
173 1719 278 1787 patrem
292 1718 320 1770 et
336 1717 549 1787 patriam)„alia
566 1718 654 1773 locum
673 1736 724 1773 non
744 1719 838 1785 habet3
856 1734 920 1773 nam
938 1718 971 1771 de
988 1719 1015 1770 te
1033 1720 1064 1770 nt
1081 1716 1223 1771 infortunii
1239 1718 1291 1772 mei

119 1789 229 1840 auctore
260 1801 346 1839 sermo
370 1801 500 1840 essenon
520 1788 620 1855 potest.
641 1786 693 1841 Pro
713 1787 785 1856 vulg.
807 1787 916 1841 maiae
934 1785 979 1854 (al.
998 1784 1098 1851 lesisse,
1130 1784 1244 1840 Helmst.
1263 1788 1292 1840 et

117 1853 202 1906 Rehd.
233 1851 340 1920 teprbael
370 1869 430 1906 eum
448 1854 568 1922 Hauptio
598 1857 627 1908 et
656 1855 850 1924 posterioribus
880 1851 1027 1908 editoribus
1055 1852 1142 1906 recei
1171 1852 1290 1907 Bruxell.

117 1920 258 1998 lectionem
274 1921 385 1987 ferreae.
404 1951 435 1959 —
455 1919 519 1983 459.
548 1922 705 1975 resolata
728 1939 758 1976 er
777 1922 881 1976 Heinsii
898 1924 926 1974 et
944 1918 1085 1974 Schraderi
1104 1869 1245 1986 (bmcndd.
1264 1938 1291 1990 p.

118 1989 169 2054 64.)
188 2004 254 2043 conr.
275 1987 360 2041 edidit
379 1988 466 2057 Sillig.
505 2005 534 2042 ro
552 1989 623 2058 vulg.
641 1991 767 2044 reuelato
800 1990 880 2060 idque
896 1988 954 2042 iure
974 1988 1143 2041 retinuerunt
1160 1988 1291 2056 posterio-

118 2072 160 2109 res
189 2055 312 2134 editores.
332 2085 362 2093 —
382 2054 447 2115 tot).
480 2007 521 2111 lle
541 2056 627 2110 Coro
658 2057 711 2111 vid.
743 2031 777 2111 al
797 2057 861 2112 Geo.
880 2057 931 2119 ΠΙ,
950 2058 1008 2108 278.
1027 2085 1059 2093 -
1077 2051 1143 2116 462.
1175 2054 1292 2124 Elegans

118 2123 262 2202 descriptlo
291 2123 363 2176 vocis
392 2123 539 2178 deficientis
570 2139 631 2178 cum
653 2125 762 2179 viribus.
781 2157 811 2165 --
831 2124 896 2186 464.
926 2122 1126 2245 bx'qreelides
1157 2140 1292 2192 nrupaaa

119 2191 222 2259 Heymo
250 2190 432 2245 videturesse
452 2191 606 2254 Periander,
634 2192 750 2261 Opselt
779 2193 825 2262 qui
843 2191 885 2248 Ol.
905 2192 931 2246 X
1011 2192 1064 2243 at
1097 2190 1221 2244 anaidem
1240 2190 1290 2245 Co·

118 2256 201 2311 rinthi
222 2258 370 2326 occupavit,
391 2275 528 2313 successor
535 2281 542 2323 ;
572 2275 634 2312 nam
653 2209 686 2314 ie
704 2260 841 2326 Corintho,
883 2276 944 2314 uem
965 2256 1084 2311 nonnnl'
1105 2257 1181 2310 urbis
1200 2260 1292 2312 aucto·

118 2342 172 2379 rem
207 2324 349 2388 ediderint,
379 2343 426 2380 seu
444 2327 515 2380 Iovis
539 2343 587 2380 seu
603 2326 770 2381 Marathonis
788 2328 868 2394 filio(
894 2344 951 2380 aus.
970 2326 1006 2388 ΙΙ,
1029 2329 1072 2390 1.),
1101 2324 1214 2377 hicnon
1234 2342 1291 2378 esse

118 2393 301 2461 cogitandum,
321 2408 382 2447 vere
399 2396 531 2447 memorat
548 2393 595 2446 Vir
613 2392 684 2447 doct.
720 2396 807 2461 Quare
825 2395 906 2449 etiam
926 2393 1011 2460 Sillig.
1035 2391 1161 2445 Corinthi
1175 2409 1222 2461 pro
1240 2392 1292 2446 Ge·

119 2461 201 2514 nitiva
231 2461 346 2514 locativo
375 2460 464 2521 habet,
497 2462 524 2513 et
554 2459 627 2514 haud
652 2477 713 2514 raro
732 2461 784 2514 duo
803 2461 941 2515 Genitivos
960 2458 1071 2512 inveniri
1089 2457 1168 2511 docet
1185 2458 1220 2512 ab
1237 2460 1291 2513 nno

117 2527 410 2651 himilbleldffll‘lt
437 2528 496 2582 ⁰⁰¹¹·
517 2527 591 2647 ΟΨ·
599 2527 655 2650 ull
665 2527 727 2648 rili·
745 2528 766 2580 Β
767 2544 819 2647 ¹²¹3·
833 2528 894 2648 tl
898 2567 904 2593 ’
915 2530 964 2647 1²²·
988 2525 1291 2646 iiflawllbdhci‘·

117 2636 175 2723 cibit
194 2635 233 2730 sq.
264 2611 431 2732 ᾗὸὴῳιαί
448 2611 605 2716 gillebi
632 2610 812 2716 arelez'sult
828 2610 1088 2731 piniane-'ironica
1105 2609 1133 2713 in
1151 2634 1291 2730 Megaren-

118 2731 187 2784 sium
218 2728 325 2792 flnibus,
356 2729 390 2783 ad
408 2729 511 2784 Oeneos
542 2732 645 2783 montes
675 2729 721 2796 (ul
734 2726 829 2783 Ὄνεια
858 2726 920 2798 ὅρη)
947 2728 1113 2797 pertinentes
1130 2730 1158 2781 et
1175 2728 1291 2783 Scironis

118 2797 276 2852 crudelitate
306 2795 428 2851 infames.
464 2797 505 2851 Cf.
538 2796 610 2850 Plut.
639 2796 716 2851 Thes.
746 2800 783 2850 10.
813 2796 893 2850 Pane.
910 2797 933 2857 Ι,
953 2800 995 2863 44,
1018 2799 1056 2851 lt).
1088 2794 1164 2849 Diod.
1184 2795 1230 2864 IV,
1249 2801 1289 2850 59.

118 2863 432 2935 Apolloniatum.
462 2864 538 2919 Ouid.
556 2865 621 2918 Met.
640 2864 701 2926 VII,
721 2867 777 2917 tlt.
815 2864 853 2918 De
884 2863 950 2933 ipsis
978 2864 1090 2933 rupibus
1119 2863 1172 2916 vid.
1192 2863 1290 2918 librum

118 2949 205 2986 meum
235 2947 328 3001 geogr.
347 2931 397 2988 111.
415 2950 441 3002 p.
461 2935 517 2986 863.
553 2932 607 2986 Sub
638 2931 671 2985 iis
701 2931 753 2985 luit
784 2932 964 3002 spelaeum,
995 2930 1071 2985 sedes
1103 2931 1291 2985 teatrtde'ur'u

119 3001 200 3067 illius,
238 3016 287 3053 use
305 2999 442 3069 hospitum
461 3016 477 3053 a
494 3000 602 3054 Scirone
620 2998 653 3054 de
670 3016 701 3052 ru
722 3016 736 3052 e
754 2998 917 3053 deiectorum
938 3016 983 3052 cor
1003 3015 1049 3052 ora
1068 2998 1224 3052 devorabat.
1248 2998 1289 3051 ct

119 3068 199 3148 Pane.
219 3017 241 3129 i,
262 3071 304 3129 44,
327 3070 365 3120 12.
393 3068 483 3148 ibique
502 3067 622 3134 Siebelis,
651 3015 729 3120 nial.
746 3067 851 3146 luae.
873 3071 900 3120 et
917 3016 1005 3144 Sahal.
1024 3065 1086 3145 Eur.
1105 3065 1214 3144 Hippol.
1233 3069 1290 3120 979.

169 3136 329 3200 rrrfeatam
352 3153 423 3188 eam
450 3154 480 3190 cx
497 3135 601 3204 Scyllae
617 3150 736 3254 persona
752 3133 952 3203 acciprcndom:
982 3135 1084 3188 civibus
1103 3148 1167 3200 surs,
1198 3133 1292 3254 Mega·

118 3203 248 3258 rensibus.
269 3235 301 3242 -
318 3201 383 3263 468.
403 3203 564 3257 Piraeeo.
582 3202 616 3255 Vi
636 3219 649 3256 o
672 3203 741 3256 Stet.
766 3200 848 3255 Theb.
867 3201 930 3265 XII,
950 3205 1006 3254 616.
1026 3200 1085 3253 coll.
1103 3198 1225 3254 Schneid.
1269 3217 1290 3255 r.

119 3270 177 3325 Lat.
199 3264 235 3332 ΙΙ,
256 3273 276 3323 l.
294 3287 320 3339 p.
342 3274 381 3323 72.
400 3274 428 3324 et
448 3274 506 3323 295.
523 3301 556 3309 —
576 3268 643 3330 469.
675 3286 803 3334 „aecum
820 3276 1003 3339 respectat,
1035 3267 1198 3335 respiciendo
1218 3267 1291 3347 apud

118 3337 237 3391 animum
256 3354 333 3390 suum
353 3337 464 3406 cogitat.
483 3336 579 3391 Barth.
596 3337 651 3391 iam
669 3336 834 3405 comparavit
852 3335 915 3390 Geo.
935 3335 955 3398 Ι,
975 3338 1032 3390 389.
1051 3338 1079 3388 et
1091 3332 1185 3389 Claud.
1199 3334 1290 3403 Epith.

117 3405 186 3458 Pall.
206 3409 246 3458 47.
277 3405 373 3473 Scalig.
405 3412 485 3458 notas
513 3421 604 3458 secam
632 3420 679 3475 per
697 3404 876 3457 archaismnm
896 3402 999 3456 dictum
1018 3401 1126 3456 volebat
1144 3418 1192 3471 pro
1209 3402 1290 3455 mbi.⁴‘

67 3528 71 3537 ,
120 3472 207 3541 Heya.
243 3472 300 3526 Nos
329 3488 399 3526 nunc
423 3489 471 3542 pro
490 3471 560 3540 vulg.
581 3487 671 3525 eccum
688 3472 739 3522 beo
757 3486 816 3524 cunr
835 3470 1027 3524 recentioribus
1045 3469 1122 3524 editt.
1144 3470 1291 3551 recepimus

118 3539 236 3594 Bruxell.
255 3539 397 3593 lectionem
416 3540 489 3594 eheu.
512 3571 544 3579 -
561 3535 627 3599 470.
644 3538 733 3608 Vulgo
751 3539 862 3591 astucia
878 3556 956 3601 arca,
975 3538 1055 3608 quod,
1075 3538 1126 3591 nisi
1145 3553 1219 3592 navus
1237 3537 1292 3593 iarn

119 3606 146 3660 in
164 3607 252 3660 medio
272 3608 331 3660 sinu
350 3607 473 3663 Saronico
492 3609 653 3671 versaretur,
672 3605 705 3659 de
741 3605 903 3659 romontorio
917 3604 1053 3675 Megarico
1070 3604 1154 3678 (ἄκρᾳ
1171 3603 1290 3673 Μινύᾳ)

118 3674 238 3743 intelligi
266 3691 345 3743 posse
376 3674 443 3728 dicit
460 3674 556 3754 Sillig,
585 3674 643 3728 coll.
661 3623 783 3728 Mueheri
813 3673 883 3728 libro
912 3674 958 3727 die
976 3672 1122 3752 Dom'erul.
1145 3691 1170 3743 p.
1189 3676 1246 3727 229.
1264 3673 1293 3726 et

119 3742 253 3810 Reingani
271 3744 324 3795 doe
341 3742 397 3796 alte
414 3742 541 3810 Mepane
558 3757 584 3809 p.
606 3744 660 3805 3³4
685 3757 746 3795 cum
766 3742 858 3795 tamen
875 3740 959 3795 Oodd.
977 3741 1019 3794 sui
1037 3740 1177 3794 cxhrbeaut
1190 3742 1292 3809 fluctuo

118 3809 179 3860 ulio
209 3809 296 3861 minos
322 3810 431 3879 (repicit,
462 3809 530 3863 coni.
551 3807 695 3863 admodum
713 3808 843 3877 probabili
862 3808 983 3862 restituit
1001 3809 1116 3876 astructa
1134 3808 1293 3862 Salaminos

119 3875 235 3952 arrepz'cit
251 3894 330 3957 aran,
348 3879 375 3929 et
392 3877 507 3946 respicit
524 3876 630 3946 egregie
649 3875 703 3929 dici
720 3879 859 3940 memorat,
878 3893 938 3956 cunr
949 3874 1064 3930 Salamis
1083 3875 1164 3955 editis
1182 3876 1292 3945 rupibus

120 3941 572 4090 ilcilaleutii]ieellliiiimppibtriliisgi²
589 3943 679 4065 agiam.
692 3943 1292 4088 &bithlerahtitoiitriiemcoarillimsrilliffilubiririrl-

120 4093 172 4157 que
189 4076 311 4156 defendit
328 4078 505 4159 plurrmorum
523 4028 605 4133 codd.
625 4076 785 4158 scripturam
812 4080 931 4148 respicit,
962 4076 1292 4159 quod„propriasrgu1f.

118 4161 173 4198 acor
194 4146 217 4197 rt
236 4161 284 4213 pro
301 4148 467 4216 retroeprcit,
486 4148 517 4200 ut
535 4146 657 4214 Orpheus
676 4161 718 4214 ap.
738 4146 863 4201 Ovidium
880 4145 1031 4215 Euryd1cen
1050 4160 1125 4198 sunm
1143 4151 1292 4214 respectet,-

118 4162 235 4281 Seyiam
253 4213 332 4275 enirn,
351 4230 412 4268 cum
429 4214 554 4268 Piraeum
573 4216 601 4268 ot
617 4211 738 4268 Athenas
758 4214 931 4283 conspiceret,
949 4214 1001 4267 iem
1021 4212 1158 4267 Selannna
1174 4213 1292 4281 practer·

118 4284 222 4334 vectam
253 4296 310 4334 esse
339 4283 420 4402 supro
444 4297 457 4336 e
477 4281 562 4336 fluctu
579 4283 760 4350 emergentem
771 4282 879 4361 prrocrd
895 4281 1054 4336 &lacunar
1071 4296 1140 4332 amu
1158 4281 1292 4347 retrospe-

118 4347 218 4402 risse.“
258 4347 345 4402 Etiam
400 4348 496 4403 enoist.
529 4349 643 4402 retinuit
674 4349 792 4418 reapicrt.
836 4348 892 4402 Nos
924 4351 1014 4402 tamen
1063 4348 1155 4415 ropter
1183 4346 1291 4400 antece·

119 4415 183 4469 dens
213 4423 347 4496 reapectqt
374 4417 568 4496 praetulimus·
585 4415 686 4537 Silligu
714 4417 803 4470 coniec
817 4432 907 4479 uram,
938 4431 1018 4485 quarn
1044 4364 1145 4492 llaupt.
1175 4428 1290 4535 guoque,

119 4483 224 4538 ladon.
247 4486 275 4538 et
299 4483 425 4538 Ribbeck.
454 4484 569 4554 amplerr
599 4500 673 4548 sun,
705 4483 862 4552 quibuscum
894 4483 975 4537 etiam
1006 4496 1153 4549 rceeprmus
1199 4480 1291 4535 ruxell.

118 4549 260 4606 lectionem
279 4551 444 4606 Salaminio.
463 4583 496 4590 -
513 4550 576 4611 471.
599 4550 777 4605 Florentea
796 4551 965 4622 Cycladas
988 4566 1035 4618 pro
1055 4552 1098 4603 ter
1124 4549 1224 4604 lactum
1244 4548 1292 4602 ad-

119 4620 248 4686 spectum,
267 4636 345 4690 quem
364 4621 496 4689 praebent
508 4620 568 4674 navi
589 4617 707 4674 antibus.
738 4620 781 4675 Sic
794 4636 818 4673 v.
831 4635 852 4673 c.
866 4617 942 4674 Ovid.
956 4616 1022 4671 Met.
1035 4566 1096 4679 llll,
1115 4620 1172 4671 loc.
1213 4632 1292 4670 orca·

117 4691 170 4740 tem
185 4688 306 4757 Cytbaaa
322 4687 522 4743 commemorat.
576 4684 1146 4744 .etr'aminfrar.4re.oirice1)onuaa.
1195 4699 1291 4756 equen-
