2872 5070
480 261 710 329 AENEIDOS
733 265 815 331 LIB.
838 266 895 333 ΧΙ.

97 431 196 513 Regis
221 430 383 492 Dercenni
404 439 532 494 terreno
555 452 596 494 ex
619 453 638 494 a
662 453 739 516 gere
759 431 890 496 bustum
919 462 923 470 ·

98 514 176 576 Anti
202 515 232 575 ui
254 513 428 576 Laurentis
452 535 618 599 opacaque
639 453 713 579 fiice
735 525 870 597 tectum3

99 597 162 683 Hic
178 537 247 659 teu
270 617 304 658 sc
329 597 468 680 primurn
491 596 608 682 rapido
626 597 846 683 pulcherrima
869 601 944 664 nisu

100 680 193 741 Sistit
215 688 245 741 et
263 678 438 742 Arruntem
459 679 580 743 tumulo
603 680 789 765 speculatur
810 681 852 745 ab
875 680 950 747 alto.

100 761 145 823 Ut
166 761 249 823 vidit
270 760 443 824 laetantem
466 762 582 825 animis
605 784 644 826 ac
664 785 752 826 vana
769 773 962 828 tumentem:

99 842 199 924 „Con
221 846 334 928 inquit,
356 844 505 908 diversus
527 843 622 908 abis?
643 844 706 909 huc
729 845 792 909 diri
816 867 834 909 c
853 868 1010 944 gressum,
1223 861 1273 912 855

101 926 173 988 Huc
196 927 337 1010 periture
359 928 442 1003 veni,
465 928 576 1011 capias
599 937 633 990 ut
655 926 755 1012 digna
806 928 935 993 amrllae

100 1008 258 1071 Praemia.
302 1008 394 1072 Tune
416 1011 514 1073 etiam
535 1007 608 1073 telis
630 1012 769 1074 moriere
788 1011 972 1075 Dianae?“

101 1091 195 1153 Dixit
217 1101 249 1154 et
272 1102 386 1155 aurata
407 1092 572 1156 volucrem
593 1092 750 1158 Threissa
771 1094 925 1179 sagittam

100 1298 102 1301 ν
112 1297 306 1305 —-.—-—.-

100 1452 130 1458 --
148 1430 257 1474 mutate
276 1425 337 1475 sub
355 1425 444 1490 utto,
463 1426 588 1493 utsupra
606 1426 633 1478 in
654 1425 792 1479 simillimo
810 1425 867 1479 loco
881 1426 997 1492 vurta.
1014 1434 1102 1481 moute
1119 1428 1168 1481 suh
1186 1429 1273 1483 atrio.

99 1520 127 1527 -
148 1490 230 1550 850.
262 1491 379 1558 „Regem
408 1493 614 1546 Dereeauurn
643 1493 751 1547 aliunde
769 1509 821 1546 non
839 1493 970 1547 novimus.
1004 1493 1056 1549 Iul.
1075 1494 1190 1550 Sabinus
1208 1495 1274 1551 haec

98 1558 192 1611 affert:
225 1559 376 1621 ,Dercenua
408 1577 452 1611 rex
482 1577 550 1613 unus
579 1578 610 1614 cx
641 1561 836 1630 antiquissimis
866 1561 894 1613 iu
925 1560 1016 1623 Latio,
1047 1577 1126 1630 quem
1155 1562 1277 1631 plerique

102 1625 230 1704 Latinum
247 1626 358 1679 eundern
381 1625 512 1689 dixerant,
541 1632 572 1681 ut
588 1629 692 1698 Iginns‘
710 1629 739 1695 ti.
759 1645 780 1683 e.
802 1628 925 1748 Hpgiuus
953 1629 981 1680 iu
1003 1628 1107 1682 Comm.
1129 1628 1158 1682 in
1175 1629 1276 1693 Vergil.

98 1693 285 1759 deperdrtrsl.“
321 1694 409 1747 Hero.
440 1727 470 1734 —
501 1696 569 1749 Cum
586 1712 611 1748 v.
631 1695 697 1756 852.
715 1695 918 1749 cf.si1nilrmus
936 1694 1010 1749 locus
1028 1695 1074 1758 IV,
1095 1696 1274 1758 252-858.

97 1760 304 1829 speculatur,
325 1766 355 1813 ut
398 1767 481 1823 ‚tls
501 1767 528 1815 et
547 1764 620 1816 alibi.
639 1793 672 1802 -
692 1762 757 1822 854.
787 1763 972 1817 laetantem
994 1763 1119 1816 animis
1140 1763 1274 1818 estMed.

99 1845 115 1881 a
134 1845 168 1881 ιιι.
190 1845 230 1896 pr.
249 1829 337 1889 lectio,
356 1846 434 1897 quam
455 1846 514 1882 cum
533 1830 634 1884 Vl'alref.
653 1833 681 1884 et
699 1830 794 1896 Wegu.
813 1834 891 1898 (quos
915 1830 997 1883 etiarn
1018 1830 1097 1883 editt.
1120 1846 1164 1883 me
1184 1833 1275 1898 poste·

103 1896 187 1948 riores
205 1899 311 1963 practer
328 1895 422 1959 Thiel,
442 1897 552 1965 Haupt,
569 1897 674 1950 Ladew.
694 1900 722 1951 et
736 1898 862 2016 Coninqt.
881 1901 1040 1966 sequuntur)
1053 1897 1208 1951 reduximus
1219 1897 1277 1952 loco

102 1963 175 2029 vulg.
206 1963 355 2030 fulpcntem
389 1966 480 2028 arrisu,
531 1964 583 2017 uod
610 1965 699 2017 minus
728 1981 769 2018 res
791 1981 823 2017 on
844 1967 872 2017 et
900 1965 987 2018 verbis
1016 1964 1117 2018 additis
1145 1984 1180 2018 uc
1202 1983 1277 2020 vanu

100 2037 249 2096 tumentem,
269 2047 345 2098 quae,
364 2047 423 2084 cum
444 2047 492 2098 per
509 1982 673 2084 tarticulam
692 2049 726 2085 ae
744 2048 759 2084 a
780 2031 914 2098 iiciantur,
938 2032 1025 2085 simile
1039 2032 1104 2101 quid
1122 2033 1278 2086 contineant

100 2113 208 2151 neccsse
236 2101 286 2152 est.
322 2098 426 2166 Wagn,
457 2099 503 2177 qui
533 2104 596 2166 apte
624 2099 728 2153 confert
745 2099 778 2165 X,
805 2102 854 2152 739
872 2116 922 2168 sq,
942 2099 1057 2154 alteram
1074 2099 1218 2154 lectionem
1234 2099 1276 2154 its

100 2169 187 2219 ortam
207 2165 366 2233 suspicatur,
385 2170 417 2219 ut
435 2183 552 2235 primum
569 2165 667 2234 aliquis
686 2166 823 2235 scripserit
840 2167 984 2219 laetantem
1006 2167 1099 2229 arnus,
1120 2166 1191 2236 quod
1204 2166 1275 2222 alius

100 2231 195 2287 deinde
213 2248 260 2300 per
284 2234 331 2296 fut
349 2241 431 2285 entem
453 2234 538 2286 armis
558 2233 752 2300 interpretatus
775 2234 818 2286 sit.
854 2233 895 2288 Cf.
912 2233 985 2288 idem
1007 2234 1034 2286 in
1053 2232 1122 2289 Phil.
1141 2234 1233 2303 Suppl.
1251 2234 1275 2288 Ι.

99 2320 125 2370 p.
151 2303 217 2360 362,
240 2300 286 2351 ubi
304 2251 393 2353 scidit:
421 2300 626 2364 „Necessarium
655 2305 696 2354 est
713 2300 781 2352 illud
801 2302 951 2368 stupentem
967 2301 1061 2365 arrum,
1086 2303 1124 2379 at·
1137 2301 1275 2379 appareat,

99 2385 129 2422 cx
168 2383 202 2419 uo
221 2372 348 2420 noscatur
366 2367 423 2436 Opi.
443 2368 513 2421 Num
532 2367 617 2435 igitur
639 2367 720 2420 etiam
743 2383 774 2419 cr
795 2383 876 2420 rano
899 2371 1025 2420 tumore
1049 2369 1139 2434 potuit
1160 2366 1276 2421 nosc1?“

100 2383 173 2504 quot
206 2451 270 2487 sane
296 2434 401 2487 Laden.
430 2435 459 2487 in
487 2434 607 2503 Append.
638 2451 663 2502 p.
694 2436 751 2486 363.
780 2432 901 2486 affirmat
928 2436 956 2486 ct
977 2433 1016 2486 sic
1032 2434 1146 2501 probare
1164 2434 1276 2487 studet:

101 2503 206 2570 „Jeder
223 2510 312 2554 tumor
327 2503 362 2553 ist
379 2502 509 2561 effetetur,
527 2503 586 2554 und
602 2518 658 2553 wer
674 2518 728 2554 curt
744 2500 859 2552 Dttntcet
875 2501 1057 2567 autpebtusen
1079 2501 1123 2563 ist,
1144 2501 1219 2554 lcuuu
1238 2518 1275 2554 un

100 2570 227 2635 Huttuup
246 2572 305 2621 cerret
320 2569 402 2636 Gaap
415 2570 488 2622 ruehl
499 2569 615 2622 atreum
626 2569 762 2621 rcerdeu.“
777 2597 806 2606 -
821 2585 905 2621 uuna
923 2573 1108 2634 tumentem,
1126 2568 1277 2622 tumentem

101 2639 184 2700 sacto,
205 2637 275 2703 quod
293 2636 347 2703 ipsi
364 2653 417 2689 non
435 2640 477 2690 cst
495 2635 632 2689 commodo
650 2638 679 2689 et
696 2633 818 2688 laetitiae
830 2634 963 2688 futurum.
992 2634 1033 2688 Cf.
1046 2633 1151 2689 adnott.
1164 2634 1199 2689 ad
1212 2635 1276 2691 Geo.

102 2705 153 2765 ΙΙΙ,
176 2708 230 2758 tau.
263 2706 328 2759 Aen.
348 2704 394 2763 VI,
417 2707 475 2757 tur.
505 2702 591 2764 (VIII,
612 2706 669 2756 489.
686 2702 734 2762 IX.
756 2705 811 2754 125.
829 2706 887 2757 794.
906 2702 952 2769 al.)
979 2701 1084 2757 Laden.
1113 2701 1204 2757 reddit
1248 2719 1277 2757 er

98 2772 265 2825 sctweltead
282 2789 332 2824 uer
350 2770 470 2824 Duntet.
507 2771 620 2823 Temere
638 2772 738 2835 autem,
756 2769 812 2824 scil.
832 2769 997 2839 arrogantia,
1015 2770 1149 2838 superbis,
1168 2773 1210 2825 est
1228 2720 1275 2826 Er.

120 2843 289 2900 ‚veremudus
321 2843 481 2908 φυσᾶσθαι,
507 2840 672 2905 ὀγκούσθαι.
716 2837 756 2890 Cf.
784 2837 848 2892 Hor.
879 2837 935 2892 Sat.
952 2839 975 2900 l,
999 2843 1023 2905 7,
1047 2844 1070 2892 l.
1098 2837 1135 2900 II,
1165 2842 1189 2902 3,
1217 2842 1276 2892 213.

100 2860 215 2961 thaedr.
243 2906 265 2969 1,
287 2911 311 2967 3,
330 2910 354 2959 4.
390 2905 450 2959 Sen.
474 2906 566 2960 Octav.
590 2909 648 2959 497.
682 2904 765 2959 Silius
789 2904 821 2970 X,
851 2910 906 2958 mr.
925 2907 961 2965 et,
984 2921 1051 2974 quos
1070 2904 1154 2959 Thiel.
1172 2904 1276 2966 laudat,

102 2975 201 3030 Obbar.
224 2973 258 3026 ad
277 2975 341 3026 Hor.
366 2973 416 3041 Ep.
438 2973 460 3036 1,
488 2978 496 3025 t
534 2976 574 3024 36.
598 2976 625 3026 et
646 2971 743 3026 Marhl.
767 2971 801 3024 ad
825 2972 895 3025 Stat.
918 2971 983 3026 Silv.
1007 2971 1039 3034 V,
1058 2975 1083 3039 3,
1103 2977 1142 3026 10.
1160 3004 1193 3012 -
1210 2970 1275 3033 855.

100 3043 272 3102 atvertus,
291 3042 318 3093 in
337 3041 450 3094 diversa.
464 3014 523 3094 vil.
543 3039 646 3093 aenou.
672 3039 706 3092 au
730 3038 794 3092 cao.
818 3038 865 3102 lv,
884 3042 942 3094 rsa.
962 3040 991 3092 u
1007 3038 1114 3092 nenv
1142 3041 1197 3093 ree.
1215 3037 1275 3092 0011.

42 3104 46 3112 “
103 3109 194 3163 adnot.
216 3108 249 3161 sd
269 3108 301 3172 V,
324 3112 378 3161 162.
398 3107 495 3173 (locum
513 3112 604 3160 nostro
622 3106 801 3164 simillimum)
820 3107 848 3158 et
864 3105 947 3159 Bach.
965 3104 1000 3158 ud
1022 3101 1099 3183 Ouid.
1115 3079 1181 3184 hlet.
1200 3105 1277 3173 VIII,

101 3181 160 3230 463.
195 3175 294 3229 Eadem
314 3175 417 3228 ratione
440 3174 520 3242 paulo
545 3176 607 3243 post
624 3191 648 3227 r.
667 3177 725 3226 ert.
749 3190 862 3226 auersus
884 3174 1043 3241 usurpatum
1066 3170 1226 3226 videbimus.
1244 3201 1278 3210 -

101 3245 229 3310 diripe.
264 3243 389 3298 Ribbeck.
415 3245 442 3295 et
465 3259 525 3295 curn
547 3258 578 3295 eo
595 3241 716 3295 Bencist.
738 3240 819 3293 etiam
840 3239 885 3292 hic
904 3239 997 3306 deripe
1015 3239 1143 3293 scribunt.
1160 3269 1194 3278 -
1211 3238 1278 3301 856.

101 3312 176 3364 Huc
221 3313 351 3364 uriture
376 3310 465 3370 ueni,
489 3310 506 3362 i.
525 3326 547 3362 e.
572 3309 702 3362 hucveni
739 3308 864 3371 eritums,
885 3309 1076 3375 autpereas.
1110 3305 1170 3360 Vid.
1189 3306 1278 3374 adll,

102 3382 159 3434 283.
179 3330 227 3444 It,
245 3381 304 3432 485.
330 3382 358 3431 et
374 3377 406 3440 X,
427 3381 483 3431 811.
512 3405 546 3415 -
576 3377 681 3444 dique
726 3375 867 3428 amittae
892 3375 1059 3454 praemia,
1088 3373 1187 3428 ironice
1215 3388 1278 3443 pro:

102 3462 217 3515 poenam
251 3445 382 3500 Camillae
412 3444 492 3498 caede
520 3445 650 3498 meritam.
696 3443 738 3496 Cf.
767 3441 803 3508 Π,
833 3446 889 3497 537.
937 3441 1014 3496 Ov1d.
1036 3442 1100 3498 net.
1118 3440 1194 3505 VIII,
1219 3443 1278 3496 502.

102 3515 186 3567 Nune
196 3515 292 3567 merito
301 3514 418 3567 moriere
430 3519 491 3566 tuo:
504 3529 572 3581 cape
583 3511 710 3581 praemia
722 3510 805 3578 sacti,
817 3510 849 3564 al.
859 3529 866 3576 3
886 3509 919 3563 de
930 3508 1056 3564 Genitivo
1075 3511 1166 3564 autern
1175 3508 1280 3589 adiecto

101 3581 154 3634 rid.
180 3579 509 3643 attestatum.
537 3609 569 3620 —
598 3577 662 3640 857.
681 3578 771 3632 Verba
800 3579 888 3631 Tune
911 3576 1280 3640 etiumteliem.D.,1n

102 3649 203 3718 quibus
222 3647 433 3717 interpretandis
452 3647 566 3701 multum
581 3645 689 3700 sudavit
699 3645 795 3765 Hepn,
816 3645 856 3698 ita
867 3647 900 3699 ut
913 3643 980 3699 adeo
991 3647 1080 3724 totum
1092 3643 1280 3724 hemistichion

102 3718 137 3770 ab
166 3716 221 3768 alia
251 3733 334 3769 manu
362 3716 491 3769 adsutum
519 3714 711 3783 suspicaretur,
755 3711 816 3766 ahu.
848 3715 877 3767 et
904 3712 998 3780 Wagn.
1028 3729 1079 3766 arm
1098 3711 1225 3766 hclssrme
1253 3713 1281 3766 et

103 3783 253 3837 rectissime
271 3784 309 3836 sic
330 3784 451 3851 capiunt:
477 3780 601 3851 quamvis
625 3781 728 3848 fugias,
753 3779 830 3834 nulla
847 3783 938 3834 tamen
959 3783 987 3834 to
1004 3779 1071 3849 iuga
1114 3779 1190 3834 ianas
1207 3778 1279 3845 telis,

102 3866 172 3920 quae
201 3865 278 3902 namo
307 3850 392 3904 vitare
425 3852 525 3919 potest,
555 3847 711 3912 subtraham
739 3848 771 3901 ut
800 3846 976 3916 iuterrogatio
1005 3848 1126 3902 animum
1143 3845 1281 3901 itrideutis

104 3916 225 3986 prodeat.
261 3917 305 3969 Ne
327 3917 411 3986 igitur
451 3934 480 3970 ro
502 3934 591 3970 nonne
612 3916 730 3985 positum
759 3914 889 3984 accipias,
920 3930 974 3983 qus
1003 3914 1037 3970 de
1063 3932 1092 3970 re
1119 3915 1153 3969 ct.
1176 3913 1281 3968 adnott.

103 3986 138 4040 ad
169 3986 234 4038 Aen.
264 3984 286 4046 I,
317 3987 359 4038 33.
405 3935 564 4039 discutitur
592 3983 669 4038 nobis
691 3982 832 4061 ‚Benoistq
861 3982 883 4036 B
917 3999 947 4037 ce
979 3999 1041 4038 uero
1071 3984 1100 4062 et
1128 3981 1282 4100 ‘³⁰th⁰ss

103 4053 183 4107 aliter
215 4053 340 4105 statuunt
369 4053 397 4105 et
424 4068 467 4106 res
486 4053 597 4106 icicntes
614 4050 699 4106 Servii
723 4043 841 4103 scholion
868 4090 884 4117 ‚,
908 4066 955 4104 um
976 4051 1081 4119 ingenti
1102 4051 1218 4102 amantu
1238 4062 1282 4100 rue

103 4121 207 4175 dictum
230 4122 286 4172 est:
314 4134 377 4172 nam
400 4119 424 4172 ci
447 4069 530 4173 ellam
574 4135 639 4173 enus
662 4117 765 4171 invidet
792 4116 907 4170 mortim
947 4117 1027 4173 Oim
1052 4117 1143 4187 potius
1165 4131 1226 4168 cum
1242 4114 1282 4167 iu·

104 4188 261 4257 dignatione
287 4186 360 4255 loqui
388 4185 422 4265 de
452 4136 585 4265 immerito
615 4186 724 4264 honore,
754 4185 801 4252 qui
817 4185 906 4264 Turno
934 4136 1068 4266 hateatur
1089 4183 1190 4236 Dianae
1218 4181 1282 4236 telus

104 4256 256 4310 occidendo.
293 4254 343 4309 Sed
368 4260 449 4306 etiam
473 4270 560 4307 rrrrsro
583 4270 599 4307 a
620 4253 697 4308 nobrs
720 4255 828 4322 sumpta
846 4251 903 4305 mds
942 4255 1059 4307 ationem
1077 4249 1212 4319 quendam
1230 4264 1283 4303 nou

104 4324 231 4385 excludit,
263 4324 291 4375 ct
320 4320 427 4375 nadew.
460 4323 532 4374 recte
551 4319 656 4374 videtur
674 4334 789 4383 sumere,
820 4335 881 4374 cum
923 4337 1002 4375 rruns
1030 4334 1083 4371 non
1105 4317 1208 4396 parcat,
1236 4314 1283 4370 scd

105 4392 199 4470 fugere
217 4392 323 4459 pergat,
345 4389 367 4442 0
387 4389 424 4441 im
443 4390 523 4441 aucta
542 4388 689 4443 acerbitate
706 4386 772 4441 haec
789 4386 902 4467 addere,
926 4392 958 4440 ut
980 4401 1074 4441 sensus
1097 4387 1146 4439 stt:
1166 4382 1284 4451 „Durat

105 4460 224 4513 Deuade
243 4459 295 4527 [nie
303 4405 449 4579 setltude]
471 4455 620 4508 Geachome
637 4453 717 4507 saltat
732 4457 773 4508 du
788 4473 821 4524 pu
838 4458 944 4509 sterben
950 4475 961 4524 ,·
978 4472 1010 4507 eo
1028 4454 1117 4507 tomm
1129 4451 1201 4504 doct
1213 4450 1283 4530 ulae,

104 4545 150 4580 um
168 4527 243 4580 dieue
259 4527 301 4579 Be
315 4525 405 4579 chaun
441 4525 500 4576 und
516 4523 606 4576 diuma
623 4522 793 4576 mmmudleu
806 4524 870 4577 Tod
886 4541 919 4576 zu
936 4522 1056 4587 ytudenf‘
1079 4518 1195 4574 Bruuclr.
1215 4533 1283 4572 eom.

106 4601 188 4663 tuque
205 4595 295 4657 ctiam,
315 4596 342 4646 et
360 4541 441 4645 Botlr.
460 4590 558 4645 edidit:
587 4590 672 4668 dipnu
691 4589 826 4644 Camillae
844 4590 977 4644 Praemia
1002 4595 1088 4657 teque,
1110 4594 1137 4641 et
1152 4586 1209 4640 iam
1223 4584 1285 4640 utu

104 4681 140 4715 m.
158 4661 197 4714 D.
231 4660 361 4715 Imitatus
387 4662 428 4714 est
459 4659 486 4712 h.
515 4659 534 4714 l.
553 4657 657 4713 Statius
674 4657 756 4714 I'heb.
776 4658 809 4725 X,
827 4661 885 4711 910.
903 4659 931 4710 et
947 4656 994 4725 IX,
1020 4659 1078 4710 ter.
1103 4685 1130 4694 -
1147 4654 1205 4716 858
1222 4670 1281 4724 sqq.
