2872 5070
510 764 549 848 P.
576 765 995 851 indumentiis

409 935 1097 1069 AENEIS.

571 1157 686 1266 insu
705 1154 931 1226 misenus.

516 1419 519 1424 ’
555 1422 965 1509 dlltlllllllli'lllll.

238 1625 334 1682 Occiso
351 1625 485 1680 Mezentio
514 1625 601 1680 victor
616 1627 721 1681 Aeneas
752 1625 874 1696 proximo
896 1625 941 1679 die
956 1623 1041 1679 Marti
1057 1625 1200 1691 tropaeum
1218 1623 1256 1678 e‘
1289 1627 1349 1679 tet

167 1693 302 1749 Pallantis
320 1692 420 1748 mortui
437 1709 468 1748 co
501 1709 533 1747 us
552 1693 641 1748 multo
658 1709 721 1748 cnm
736 1691 837 1747 honore
854 1692 889 1746 ad
906 1691 1025 1747 Euandri
1042 1691 1136 1744 urbem
1152 1691 1279 1754 remitti,
1299 1691 1348 1745 ubi

166 1777 272 1816 aninmo
302 1763 330 1814 et
362 1761 481 1829 patriae
515 1777 625 1815 suornm
644 1763 672 1815 et
690 1759 811 1815 oninium
827 1760 904 1814 luctu
921 1759 1053 1828 excipitur
1071 1761 1195 1824 (1-es.i.
1229 1758 1346 1814 Interim

167 1831 287 1883 oratores
306 1827 442 1882 aLatinis
459 1828 534 1882 missi
553 1827 658 1883 dierum
675 1826 816 1882 duodecim
833 1825 956 1882 inducias
974 1827 1009 1880 ab
1031 1826 1121 1880 Aenea
1137 1825 1289 1894 impetrant
1311 1827 1346 1881 ad

166 1911 230 1949 snos
248 1894 414 1964 sepeliendos
431 1897 605 1962 (100-138.).
623 1894 750 1950 Euander
773 1895 916 1950 advectum
932 1893 1068 1948 Pallantis
1085 1892 1166 1947 occisi
1183 1909 1282 1963 corpus
1302 1911 1347 1949 ex·

166 1963 234 2033 cipit
262 1962 383 2016 oratione
412 1963 440 2016 et
468 1961 570 2017 doloris
598 1964 627 2017 et
705 1963 760 2016 tiae
788 1978 803 2017 e
869 1963 987 2016 Aeneem
1018 1960 1127 2030 eiusque
1157 1961 1242 2016 socios
1264 1961 1348 2032 plena

167 2030 342 2097 (ise-isi.)
377 2029 416 2084 Ut
465 2044 498 2082 ue
516 2045 589 2097 pars,
608 2033 637 2084 et
653 1978 764 2084 ffiiani
779 2030 808 2083 et
848 2029 934 2084 trusoi
950 2027 1093 2097 Latinique
1125 2044 1188 2083 suos
1206 2028 1234 2082 in
1253 2045 1348 2100 pugna

167 2113 258 2153 caesos
288 2096 420 2164 supremis
473 2096 598 2150 onoribus
647 2097 836 2167 ersequuntur.
871 2096 1035 2166 Praecipuus
1054 2069 1130 2150 dolor
1147 2097 1190 2150 est
1206 2096 1346 2162 laurenti,

166 2164 258 2235 ibique
276 2165 385 2220 'l'urnus
408 2164 436 2217 in
454 2179 581 2232 magnam
599 2114 745 2220 sifliucitnr
761 2164 891 2218 invidiam
909 2165 1084 2243 (isi-2242.
1119 2163 1219 2218 llodem
1238 2181 1347 2245 quoque

166 2236 288 2314 tempore
305 2231 436 2295 Venulus,
467 2247 546 2301 quem
567 2232 617 2286 sub
637 2232 701 2288 belli
719 2232 828 2287 initium
845 2232 856 2286 l
907 2233 965 2286 tum
986 2231 1022 2284 ad
1039 2231 1196 2286 Diomedem
1213 2235 1348 2287 miserant

166 2301 267 2372 Latini,
297 2299 377 2370 Arpis
398 2299 433 2353 ad
453 2314 517 2353 snos
535 2315 657 2354 reversus
675 2299 775 2355 auxilia
792 2299 844 2353 sibi
881 2300 996 2367 enegata
1012 2299 1151 2354 renuntiat
1170 2302 1346 2367 (iis-sesi

166 2368 269 2424 Audita
296 2368 322 2423 le
359 2368 433 2422 tione
462 2366 536 2421 vario
556 2383 589 2422 ue
617 2368 727 2423 fremitu
761 2369 873 2438 excepta
903 2367 1031 2427 Latinus,
1064 2383 1112 2421 se
1150 2381 1200 2420 sua
1227 2366 1347 2422 destitu-

167 2439 227 2500 tus,
258 2453 320 2490 cons
345 2435 408 2514 'um'
428 2384 556 2489 convesci
585 2435 744 2506 legatosque
773 2434 806 2489 de
834 2434 909 2504 pacis
937 2433 1084 2488 conditioni
1104 2450 1149 2502 us,
1181 2449 1248 2514 quas
1278 2436 1347 2489 satis

166 2520 267 2574 aequas
296 2504 431 2573 proponit,
460 2501 495 2556 ad
512 2504 630 2557 Aeneam
659 2501 806 2557 mittendos
837 2503 929 2556 censet
946 2502 1120 2568 (ies-sesi.
1155 2502 1198 2555 Ibi
1228 2502 1347 2570 primum

167 2573 287 2627 Drances
304 2570 452 2624 orationem
472 2569 556 2624 habet
574 2571 647 2638 pecie
665 2570 789 2636 amicam,
817 2569 906 2624 inmo
927 2567 1063 2622 inimicam
1081 2570 1256 2636 (att-ml,
1287 2572 1346 2623 tum

167 2639 283 2699 Turnus,
302 2636 416 2690 Drancis
433 2652 464 2690 ar
503 2640 594 2691 merita
613 2640 642 2691 et
659 2636 860 2691 criminationes
878 2637 1021 2690 confutans
1039 2639 1213 2702 (tlt-itt).
1232 2637 1347 2691 Interim

167 2709 281 2771 Aeneas,
311 2704 441 2774 bipartito
488 2704 564 2758 ivisis
595 2704 687 2772 copiis,
717 2703 784 2758 levis
800 2707 955 2758 armaturae
973 2703 1077 2772 equites
1095 2703 1184 2772 planis
1201 2704 1346 2758 itineribus

168 2773 204 2829 ad
231 2772 327 2826 urbem
364 2770 516 2825 raemittit:
547 2771 604 2840 ipse
622 2787 682 2825 cum
700 2771 802 2839 reliquo
821 2771 938 2825 exercitu
976 2786 1005 2824 er
1024 2771 1084 2824 loea
1102 2772 1178 2825 silvis
1195 2773 1347 2825 montibus-

169 2857 220 2912 que
240 2838 341 2910 impedi
390 2839 424 2893 ad
443 2836 583 2892 editiorem
601 2837 693 2918 oppidi
711 2841 815 2907 partem
835 2788 980 2893 resendii.
1002 2838 1085 2891 (luins
1104 2839 1144 2892 rei
1160 2839 1256 2893 nuntio
1274 2838 1345 2893 Lau-

168 2911 277 2963 rentum
295 2907 401 2976 perlato
419 2907 479 2960 tota
497 2905 563 2960 urbe
580 2905 742 2975 trepidatur,
772 2904 912 2960 eonsilium
931 2904 1087 2970 dimittitur,
1111 2909 1294 2975 putanturque
1312 2907 1347 2960 ad

167 2977 242 3031 urbis
271 2974 452 3030 defensionem
472 2973 624 3028 necessaria
641 2975 813 3041 (ito-issa
849 2973 955 3028 'l'urnns
973 2973 1082 3040 cognito
1099 2989 1148 3042 per
1164 2975 1347 3042 exploratores

166 3044 273 3098 Aeneae
303 3042 416 3097 consilio
449 3043 477 3096 et
506 3043 615 3110 arrepta
642 3039 780 3110 pugnandi
798 3057 813 3093 o
832 3040 1001 3109 portunitate
1017 3040 1143 3094 bifariam
1162 3042 1216 3094 eti
1237 3057 1265 3095 se
1284 3058 1347 3095 suas

168 3112 261 3180 copias
280 3111 415 3180 partitur;
435 3108 572 3178 equitibus
588 3109 677 3163 Messa
696 3125 742 3162 uin
761 3110 790 3163 ct
818 3108 943 3162 amillam
960 3108 1090 3176 praeficit,
1111 3124 1208 3178 eosque
1246 3109 1345 3162 ostium

168 3179 306 3260 equitibus
324 3177 445 3249 opponit,
476 3177 532 3246 ipse
551 3192 610 3231 euni
630 3192 662 3256 pe
691 3175 766 3229 tibus
784 3176 926 3245 augustias
943 3177 1049 3230 Aeneae
1074 3176 1258 3245 peragrandas
1286 3177 1347 3231 bre·

169 3247 236 3301 vicii
256 3246 352 3301 itinere
370 3246 483 3314 occupat
501 3250 582 3314 atque
599 3243 638 3297 ibi
654 3243 682 3297 iri
700 3243 807 3296 insidiis
825 3242 952 3299 subsistit
970 3245 1143 3310 (tet—531).
1161 3243 1348 3311 interponitur

168 3312 321 3368 eisodium
351 3313 385 3367 de
403 3312 525 3366 Camilla.
569 3311 656 3365 Diana
685 3311 756 3365 enim
773 3311 894 3365 instante
910 3310 1040 3366 Camillae
1071 3311 1183 3364 interitu
1212 3315 1348 3365 commota

170 3330 249 3450 (ipim
268 3380 423 3449 Nympham
442 3379 477 3432 ad
495 3378 679 3432 ulciscendum
698 3378 755 3432 eius
772 3377 972 3432 interfectorem
990 3377 1090 3432 excitat
1106 3380 1279 3446 (ssi-sesi
1301 3379 1346 3432 Ιιι-

167 3448 248 3502 terim
266 3449 390 3516 equestre
407 3445 541 3515 proelium
559 3445 740 3499 committitur
757 3445 855 3515 diuque
876 3445 957 3500 dubio
975 3446 1111 3514 utrimque
1133 3449 1229 3500 eventu
1262 3463 1346 3515 ugna-

169 3516 217 3568 tur
237 3515 410 3579 (597-647.).
442 3513 505 3582 ipsa
524 3511 640 3566 Camilla
658 3512 763 3567 excellit
780 3512 940 3567 fortitudine
957 3528 1082 3582 magnam
1102 3528 1135 3567 ue
1153 3512 1240 3567 edits
1305 3530 1345 3567 eiii

171 3581 290 3635 bostium
309 3582 483 3647 (tlt-724).
519 3579 586 3633 Tuin
605 3579 726 3634 'l'arclion
743 3597 760 3634 a
776 3581 840 3635 Iove
857 3581 1005 3634 suscitatus
1021 3530 1154 3649 proeiium
1172 3580 1293 3634 restituit
1320 3585 1348 3634 ct

167 3649 282 3703 Camilla
303 3648 366 3701 duni
377 3646 530 3708 Chloreum,
545 3646 657 3716 Cybeles
671 3647 845 3712 sacerdotem,
857 3648 990 3702 incautius
1003 3648 1131 3716 sequitur,
1151 3648 1185 3701 ab
1198 3649 1301 3702 Arunte
1313 3665 1344 3702 er

166 3715 271 3796 insidiis
283 3687 364 3769 basta
377 3713 513 3769 traiicitur
524 3716 697 3794 (ηδ-5135).
713 3715 799 3796 Quam
810 3719 900 3770 tamen
914 3731 1006 3795 sacrae
1017 3715 1128 3795 virginis
1138 3715 1246 3794 caedem
1256 3716 1347 3795 Aruns

167 3781 1347 3931 zetuli„pendestituisseteserieie,iisset

168 3918 279 3973 Troiani
296 3918 370 3972 urbis
388 3933 422 3985 cp
442 3920 615 3987 agnationem
634 3921 740 3987 parant,
759 3934 785 3970 ιιι
807 3933 860 3987 qna
871 3917 1055 3971 defendendai
1075 3934 1120 3971 sae
1132 3920 1272 3972 matronae
1282 3934 1347 3971 viris

171 3988 280 4041 strenue
300 4002 314 4040 o
334 3934 469 4039 itnlanfur
486 3985 663 4064 (⁸⁶⁸‘⁸9.⁵·)·
693 3984 871 4064 ‘Celandtatis
889 3985 985 4039 nuntio
1003 3985 1036 4039 ab
1054 3935 1134 4048 Koca,
1152 3985 1282 4040 Camillae
1303 4002 1347 4064 co-

171 4055 245 4122 mite,
266 4053 300 4108 sd
362 4068 440 4107 innui
457 4052 571 4122 perlato,
591 4050 634 4105 hic
652 4052 762 4117 rehctis,
782 4068 848 4121 quas
867 4053 1016 4115 obsederat,
1037 4052 1181 4122 angustiis,
1199 4054 1255 4106 suis
1273 4069 1347 4107 auni-

170 4120 208 4176 lio
237 4121 363 4176 accurrit.
398 4119 578 4200 Subsequitur
595 4119 699 4174 deneas
727 4135 810 4190 parvo
832 4120 990 4184 interuall03
1018 4121 1064 4174 sed
1082 4137 1143 4175 cuni
1163 4136 1214 4174 nor
1232 4120 1286 4175 iam
1306 4120 1346 4174 iii·

171 4205 272 4260 gruens
289 4188 422 4260 proelium
439 4187 546 4242 differre
566 4188 654 4278 cogat,
672 4186 780 4257 utrique
797 4190 890 4243 castra
908 4191 971 4243 ante
987 4188 1081 4243 urbem
1099 4188 1240 4244 collocant.

545 4507 961 4517 Ἣ
