2872 5070
514 261 744 328 AENEIDOS
767 261 849 328 LIB.
870 261 912 326 X.

119 431 334 514 Prospectant
354 430 449 574 paria
469 437 565 515 atque
586 428 701 493 eadem
723 452 800 493 mox
822 449 903 492 arva
923 426 1077 491 tenebis.“

93 530 97 538 ’
119 513 172 576 Ad
196 532 288 597 quem
314 534 351 572 su
376 510 486 574 ridens
508 513 611 576 mixta
632 511 811 575 Mezentius
832 513 898 574 ira:

121 596 235 674 „Nune
257 615 394 657 morere.
437 593 499 657 Ast
520 594 560 658 de
582 617 633 658 me
654 595 764 659 divum
786 602 880 680 pater
903 602 1000 679 atque
1022 591 1184 656 hominum
1208 612 1266 654 rex

120 676 279 739 Viderit.“
321 675 395 739 Hoc
416 676 527 740 dicens
547 678 661 742 eduxit
682 699 820 763 corpore
840 676 947 740 telum.

121 759 187 823 Olli
210 759 292 821 dura
314 759 404 842 quies
424 759 535 823 oculos
556 770 588 825 et
609 761 733 823 ferreus
755 768 870 844 urguet
1240 774 1288 823 745

122 842 277 922 Somnus3
300 842 332 903 in
355 850 520 905 aeternam
543 842 735 907 clauduntur
755 841 878 905 lumina
899 850 1036 905 noctem.

122 922 282 987 Caedicus
305 922 497 987 Alcathoum
519 926 701 1002 obtruncat,
725 917 878 988 Sacrator
901 923 1091 1010 Hydaspen,

121 1004 330 1068 Parthenium
356 1028 396 1069 ue
417 1006 511 1091 Rapo
534 1016 565 1070 et
587 1006 783 1092 praedurum
803 1007 930 1071 viribus
952 1007 1067 1087 Orsen,

120 1088 291 1184 Messapus
315 1028 529 1172 Cloniumque
549 1090 816 1175 Lycaoniumque
837 1089 999 1170 Ericeten,

119 1169 214 1233 lllum
236 1171 370 1236 infrenis
392 1174 465 1256 oqui
488 1171 582 1258 lapsu
604 1171 718 1236 tellure
739 1174 907 1252 iacentem,
1237 1183 1287 1232 750

120 1323 326 1330 a—-—-—-—

87 1460 92 1465 .
118 1421 185 1471 Non
204 1419 313 1486 lonpum
330 1421 418 1473 vietor
435 1421 583 1482 laetabere,
601 1425 633 1474 ut
651 1440 707 1474 non
725 1438 784 1474 mm
803 1422 828 1473 vi
847 1423 998 1488 repetatur;
1035 1435 1070 1472 ua
1093 1435 1289 1486 supervacanee

120 1488 269 1539 mutatione
286 1487 353 1541 nihil
370 1489 513 1542 lucramur.
531 1521 563 1527 —
581 1491 671 1552 fata,
701 1506 780 1542 mors.
817 1488 875 1542 Vid.
898 1504 980 1555 supra
997 1436 1033 1540 ad
1057 1503 1080 1539 ν.
1099 1490 1156 1539 138.
1175 1517 1208 1525 -
1226 1486 1290 1545 741.

119 1558 229 1607 eadem
258 1573 329 1607 tuoe
356 1574 438 1608 arva
470 1556 609 1618 tenebis,
640 1557 666 1608 in
696 1556 791 1609 iisdem
820 1555 891 1608 arvis
915 1557 1069 1622 prostratus
1087 1553 1193 1607 iacebis.
1229 1552 1289 1609 Vid.

119 1621 233 1675 similem
252 1624 415 1675 sententiam
444 1640 527 1692 supra
547 1640 571 1679 v.
591 1627 649 1677 650.
688 1624 751 1676 Hac
779 1624 892 1675 clabitur
916 1624 1014 1674 (lextra
1041 1621 1128 1674 tellus.
1163 1620 1297 1675 Ceterum

119 1705 178 1743 cum
198 1688 240 1741 his
257 1691 345 1743 verbis
363 1690 478 1744 affectus
500 1691 662 1758 plenissimis
680 1691 764 1758 Heyn.
784 1690 888 1743 confert
905 1690 983 1742 llum.
1011 1689 1042 1742 ll.
1060 1687 1147 1748 XXII,
1164 1690 1213 1739 358
1231 1703 1288 1755 sqq.

119 1759 146 1810 et
164 1756 235 1817 XVI,
255 1760 301 1809 851
321 1774 376 1826 sqq.
397 1789 428 1797 —
447 1757 509 1817 742,
528 1760 582 1810 Ad
599 1775 691 1848 quaem
707 1761 779 1822 cett,
798 1760 830 1810 ut
847 1758 868 1822 I,
888 1760 927 1810 14.
964 1758 1012 1809 Aa
1028 1773 1106 1824 quem
1123 1763 1178 1807 tum
1195 1754 1266 1808 Iuno
1278 1783 1290 1794 -

119 1824 161 1874 lis·
182 1824 293 1876 vocibus
309 1843 361 1877 ema
378 1833 424 1878 est.
459 1827 571 1893 Aliquot
589 1826 672 1880 codd.
692 1826 773 1889 (iuter
794 1841 860 1893 quos
879 1825 976 1892 fragm.
996 1824 1065 1881 Ver,
1085 1822 1155 1876 Gud.
1175 1823 1203 1874 et
1220 1838 1237 1874 a
1254 1838 1289 1873 m.

119 1907 159 2011 pr.
178 1890 244 1951 Pal,
264 1892 291 1943 in
311 1908 363 1961 qno
383 1892 484 1960 legitur
502 1895 633 1960 Atqaaee,
652 1893 756 1945 ultimis
774 1893 860 1945 literis
878 1891 1047 1954 transfossis)
1077 1893 1105 1943 et
1126 1888 1209 1942 Auth.
1229 1889 1289 1942 Lat.

135 1997 141 2017 ,
163 1961 217 2023 170,
236 1965 274 2011 55.
309 1959 365 2028 (ubi
383 1960 498 2023 legimus
516 1962 565 2013 Aa
592 1977 663 2028 qrme
691 1961 845 2024 echidnae)
872 1960 920 2011 Ad
948 1974 1026 2027 qaae,
1055 1957 1123 2026 quod
1153 1959 1290 2025 praestare

119 2031 228 2078 censent
247 2026 337 2079 Heius.
356 2029 383 2079 ot
400 2027 520 2081 Oudend.
540 2027 574 2081 ad
591 2027 697 2095 Apulei.
715 2028 779 2082 Met.
798 2027 833 2079 ΙΙ.
852 2042 878 2093 p.
900 2029 956 2079 142.
987 2028 1054 2079 extr.
1080 2026 1162 2092 atquc
1183 2038 1290 2092 recepe-

119 2095 184 2145 runt
201 2093 335 2156 Ribbeck,
354 2093 459 2147 Laden.
481 2097 509 2148 et
527 2094 644 2148 Benoist.
679 2094 729 2148 Sed
747 2110 808 2147 vere
825 2094 904 2146 docet-
921 2094 1026 2160 Wagn,
1052 2092 1213 2145 Mezentium
1231 2089 1291 2142 nul·

118 2159 173 2212 lam
211 2177 300 2212 rorsus
320 2162 451 2215 rationem
470 2161 567 2216 habers
586 2179 691 2224 eorum,
722 2177 790 2229 quae
808 2161 909 2215 Orodes
927 2160 1037 2226 diaerit,
1069 2159 1179 2225 eiusque
1210 2158 1291 2211 rerba

118 2243 170 2279 non
219 2244 245 2279 m
266 2243 324 2282 esse
342 2230 535 2296 respondentis,
574 2246 636 2282 uam
644 2245 766 2298 poenam
797 2229 830 2281 ab
849 2228 1038 2296 coexigcntis,
1057 2226 1178 2295 quitum
1196 2226 1290 2278 acerbe

118 2292 225 2346 locutus
242 2295 333 2348 fuerit.
369 2297 455 2362 Quare
473 2245 641 2349 lraudlubio
659 2299 782 2363 praestat
810 2296 893 2356 Med,
925 2296 1016 2358 Rom,
1040 2294 1119 2346 Bern.
1137 2294 1173 2346 ΙΙ.
1193 2292 1241 2344 ΙΠ.
1262 2296 1290 2345 et

117 2361 235 2414 Macrob.
253 2364 285 2427 V,
307 2366 348 2427 12,
369 2368 408 2416 10.
428 2367 522 2431 11424.
541 2364 597 2416 Ian.
617 2362 696 2416 lectio
714 2363 763 2415 Aa
776 2379 860 2430 quem
879 2391 911 2400 -
930 2361 994 2421 743.
1013 2361 1053 2414 Cf.
1066 2361 1143 2413 Hom.
1156 2360 1188 2412 Il.
1202 2359 1289 2421 XXII,

119 2432 177 2482 365.
213 2430 291 2491 „Ast
308 2432 345 2481 de
363 2448 408 2484 me
425 2431 536 2483 diuum
549 2439 650 2498 pater
668 2432 732 2483 cett.
752 2446 781 2482 ex
799 2427 906 2493 vulgari
923 2428 1049 2497 loquendi
1067 2427 1172 2480 ratione
1190 2441 1289 2489 eornm,

118 2495 164 2564 qui
184 2496 286 2564 aliquid
306 2513 398 2550 curare
417 2513 445 2550 so
463 2497 533 2550 nolle
550 2498 656 2551 dicunt:
685 2495 718 2548 de
738 2513 767 2548 eu
786 2496 822 2548 dii
841 2495 973 2557 viderint,
1005 2495 1056 2547 diis
1075 2493 1140 2547 haec
1160 2492 1291 2561 permissa

119 2565 207 2616 sunto.
243 2564 347 2617 Volunt
364 2567 455 2618 tamen
468 2565 558 2632 Intpp.
579 2581 628 2632 per
644 2563 754 2617 ironiam
776 2563 803 2614 in
817 2563 906 2617 Iovem
926 2562 1042 2616 dictum:
1061 2561 1118 2614 soil,
1136 2563 1168 2612 ut
1185 2562 1291 2613 constet
1368 2569 1369 2572 ’

118 2630 170 2683 sibi
182 2631 338 2697 Mezentius,
356 2635 470 2684 ‹leorem
489 2638 656 2701 coammptor
673 2631 745 2696 (Vll,
760 2632 830 2695 648.)
849 2633 876 2682 et
893 2630 938 2683 eui
955 2633 1052 2683 dextra
1070 2631 1138 2682 dats
1154 2635 1193 2680 eet
1208 2627 1289 2694 paulo

120 2700 181 2777 post
200 2714 224 2752 v.
239 2703 294 2751 173.
330 2699 382 2753 Sed
400 2700 470 2752 idem
488 2703 582 2752 v.835.
618 2699 668 2751 Ad
683 2700 788 2751 cael-um
799 2699 885 2751 tendit
897 2699 1017 2766 palmes.
1053 2696 1186 2750 Videntur
1196 2695 1289 2763 Intpp.

120 2782 147 2818 m
165 2766 238 2818 ethei
254 2766 361 2820 notione
379 2766 528 2833 argutari.“
563 2767 650 2834 Ileya.
685 2766 833 2834 Antiquam
854 2774 897 2817 ost
914 2765 958 2828 (de
986 2781 1019 2818 uo
1037 2764 1090 2816 vid.
1108 2762 1195 2816 Hand.
1209 2762 1287 2816 Ture.

55 2837 61 2854 ⁸
118 2833 139 2885 I.
159 2849 183 2900 p.
202 2835 273 2893 417.)
292 2832 371 2886 huius
389 2834 518 2887 orationis
535 2833 664 2902 pravitati
681 2833 782 2902 optime
811 2832 943 2885 convenit.
1004 2831 1156 2885 eformula
1183 2828 1290 2882 dicendi

119 2902 152 2951 de
170 2901 222 2953 loc
240 2901 340 2953 alteru
356 2902 467 2969 aliquale,
486 2917 539 2970 qua
556 2904 650 2957 ebrum
671 2900 741 2954 imus
755 2899 911 2957 orationem.
930 2900 976 2952 alii
994 2915 1084 2953 curam
1103 2898 1144 2950 vel
1162 2896 1288 2950 iudicium

119 2967 156 3020 rei
174 2967 364 3036 relinquentes,
384 2971 490 3036 praeter
509 2969 586 3022 Hom.
606 2969 638 3022 Il.
738 3009 744 3031 ,
763 2972 811 3020 365
824 2984 880 3036 sqq.
899 2967 954 3020 (lic.
972 2966 1007 3019 ad
1024 2967 1082 3018 Att.
1095 2965 1141 3025 IV,
1154 2968 1192 3016 10.
1210 2963 1287 3017 Ovio.

118 3033 181 3087 Her.
200 3035 261 3097 XII,
281 3039 339 3088 211.
358 3036 433 3088 Vnst.
453 3036 490 3096 Il,
509 3040 566 3088 781.
596 3053 628 3089 er
657 3035 732 3088 Pont.
752 3036 774 3094 Ι,
794 3038 817 3094 2,
836 3041 860 3088 9.
897 3035 968 3088 Stat.
987 3033 1070 3086 Theb.
1087 3031 1138 3091 III,
1157 3035 1213 3083 212.
1236 3032 1287 3082 etc.

117 3101 150 3154 cf.
171 3102 262 3154 Heius.
283 3103 317 3155 ad
336 3103 482 3156 hos0vidii
499 3103 580 3163 locos,
599 3104 714 3157 Gronov.
735 3103 769 3155 ad
787 3103 877 3157 Senec.
897 3102 929 3154 de
947 3100 1051 3168 provid.
1072 3103 1111 3164 3.,
1130 3097 1235 3151 Ruhnlt.
1254 3098 1289 3150 ad

117 3169 175 3223 Ter.
195 3169 247 3222 Ad.
266 3169 316 3228 ΠΙ.
336 3174 359 3228 3.
378 3173 427 3232 83,
446 3170 545 3235 Gieriu.
566 3173 594 3223 ot
611 3169 692 3222 Bach.
722 3170 757 3222 ad
775 3169 852 3223 Ovid.
871 3170 935 3222 Mel.
954 3168 1004 3234 IX,
1023 3171 1080 3220 519.
1109 3168 1136 3218 et
1159 3165 1235 3218 Iahn.
1253 3165 1287 3217 ad

117 3235 194 3291 Ovid.
214 3236 296 3289 Trist.
316 3238 347 3300 V,
367 3241 451 3299 243.
483 3269 512 3274 —-
545 3237 609 3297 745.
639 3237 681 3289 (ll.
700 3237 777 3290 Hom.
798 3236 828 3290 ll.
848 3236 895 3300 XI,
914 3239 972 3288 211.
999 3266 1027 3272 -
1060 3233 1137 3286 Olli.
1174 3230 1287 3287 Vidad

117 3303 140 3367 I,
159 3307 215 3356 251.
235 3333 266 3342 -
280 3305 420 3370 ferreus
436 3321 579 3368 samaras,
599 3305 617 3357 i,
638 3320 660 3357 e.
680 3319 758 3358 mors.
795 3304 835 3357 (ll.
854 3304 933 3355 Hom.
951 3303 983 3355 ΙΙ,
996 3303 1044 3361 XI,
1058 3304 1114 3353 211.
1133 3298 1290 3368 κωμήσειτο

111 3369 234 3437 χάλκεον
252 3369 349 3424 ὕπνον.
385 3371 457 3424 Alibi
477 3375 519 3436 (ut
536 3388 578 3439 ap.
610 3371 673 3424 Hor.
693 3371 741 3425 Od.
761 3371 812 3428 ΙΙΙ,
833 3375 871 3433 11,
891 3374 930 3423 38.
949 3372 977 3423 et
994 3370 1087 3423 Silium
1106 3368 1139 3434 V,
1158 3370 1224 3427 529,
1243 3365 1289 3419 ubi

116 3437 169 3490 vid.
190 3437 282 3502 Dralr.)
302 3438 392 3492 eodem
411 3455 490 3492 sensu
507 3439 612 3506 leupus,
640 3438 682 3492 vel
700 3438 774 3503 (Hor.
793 3438 842 3492 Od.
860 3439 882 3499 Ι,
900 3440 941 3499 24,
962 3439 997 3503 5.)
1018 3453 1053 3506 pe
1090 3444 1165 3489 aaut
1181 3450 1290 3487 somam

117 3505 158 3556 vel
175 3522 261 3573 sopor
279 3522 351 3559 mors
370 3506 477 3561 dicitur.
500 3537 528 3543 -
547 3513 674 3573 vll-quet.
710 3505 753 3558 Cf.
773 3506 838 3559 Geo.
856 3506 908 3571 III,
928 3509 985 3558 523.
1017 3523 1058 3557 ocr
1080 3521 1112 3556 oe
1127 3510 1226 3572 stupor
1242 3519 1288 3553 ar·

116 3579 179 3636 ‚quet
196 3573 302 3632 iraertee,
322 3576 349 3626 et
368 3574 431 3626 Hor.
451 3574 469 3625 l.
489 3574 567 3626 modo
585 3574 602 3628 1.
640 3573 817 3633 Quinctilium
840 3579 989 3693 pappolum
1019 3590 1104 3641 sopor
1129 3571 1237 3636 Urqaet.
1257 3598 1288 3607 -·

117 3638 182 3699 746.
201 3640 235 3689 ia
266 3647 435 3694 aeternum
462 3650 595 3693 tractem.
631 3639 673 3691 Cf.
692 3641 767 3693 Onu.
786 3640 849 3693 Her.
923 3643 977 3694 112.
1014 3639 1113 3691 lladem
1140 3640 1183 3691 est
1205 3638 1288 3702 tanqu

115 3723 170 3758 noir
187 3706 246 3760 Silii
266 3707 341 3773 VIII,
362 3712 418 3761 111,
453 3708 494 3762 ef.
513 3709 593 3761 etiam
614 3708 675 3760 Hor.
694 3707 744 3760 Od.
763 3708 785 3773 l,
805 3713 830 3772 4,
852 3711 889 3760 ts.
924 3707 1023 3760 Catull.
1042 3706 1077 3766 V,
1098 3709 1122 3759 5.
1140 3708 1168 3758 et
1186 3705 1288 3757 similes

116 3773 176 3851 loci.
197 3774 313 3826 Broulrlr.
333 3775 366 3827 ad
385 3776 465 3843 Prop.
485 3776 521 3837 ll,
544 3781 582 3837 to,
602 3780 624 3826 7.
644 3776 671 3826 et
686 3775 769 3854 llrak.
789 3775 823 3828 ad
842 3774 936 3827 Silium
956 3775 988 3839 X,
1009 3776 1069 3852 ¹⁷3:
1099 3773 1171 3826 Bene
1198 3776 1288 3826 autem

116 3840 1288 3986 11,11131111111111111111»,111111111111111111

115 3925 202 4054 lebas,
229 3975 402 4054 Eretractem
430 3985 482 4056 eat.
511 3985 666 4046 canantque
695 3977 788 4055 amplos
816 3994 871 4029 nox
890 3984 1102 4056 ‘occtqrotuanm
1120 4006 1153 4013 -
1173 3973 1227 4033 747
1247 3989 1287 4040 tq·

116 4042 232 4120 „Latina
260 4057 369 4094 nomma
397 4044 521 4110 Latmos,
550 4045 654 4099 Graeca
682 4045 809 4097 Troianos
841 4045 980 4110 designare
1012 4044 1164 4096 udentur.“
1199 4040 1289 4117 Hepn.

114 4109 189 4162 Idem
208 4126 260 4162 ram
279 4110 419 4163 Turnebus
436 4111 546 4166 Advers.
566 4112 668 4170 XXIX,
689 4115 729 4163 tt.
759 4108 954 4166 observaverat.
989 4111 1107 4176 Peerlk,
1130 4109 1243 4161 haerens
1260 4123 1288 4158 ru

114 4176 220 4229 nominc
239 4177 407 4237 secretoria,
426 4179 495 4230 coni.
514 4179 673 4236 Sarclator.
702 4181 734 4230 ut
753 4178 900 4232 habeamus
927 4194 1021 4230 nomen
1052 4177 1182 4230 rusticum
1200 4190 1216 4226 a
1234 4189 1288 4226 sar-

114 4242 228 4296 culando
246 4243 444 4309 deducendum,
476 4246 699 4310 quemadmodum
732 4245 865 4299 Caedimus
895 4262 912 4299 a
939 4244 1085 4303 caedendo,
1115 4246 1144 4296 et
1161 4241 1245 4310 Rapo
1272 4256 1289 4293 a

115 4309 196 4378 rapis.
217 4310 286 4364 olere
299 4312 410 4363 rustico.
429 4340 461 4349 —
480 4312 542 4372 749.
562 4313 779 4380 Lycaoniam,
797 4313 819 4365 L
838 4313 928 4367 caonis
946 4313 1041 4366 illium.
1077 4310 1135 4362 Vid.
1154 4323 1236 4376 supra
1253 4307 1288 4360 ad

114 4393 136 4447 v„
158 4381 213 4434 123.
307 4380 473 4458 Ericeten.
509 4380 585 4465 Itum.
605 4382 632 4433 et
649 4379 707 4459 Pal.
738 4328 916 4465 Eqpcdueten,
937 4396 1021 4448 quare
1038 4377 1164 4456 Ribboclf.
1182 4379 1210 4429 et
1227 4391 1287 4454 curn

113 4444 456 4579 ttlfflltlvffllttl
473 4444 1288 4592 ,111111111111111711’.11111

113 4578 135 4639 1,
157 4582 311 4660 ¹⁵»¹⁷·,el
337 4581 430 4635 Claud¹
487 4580 703 4661 rl.20.leg1tur.
734 4612 766 4622 —-
794 4583 872 4651 eqaa‘
904 4600 1000 4651 apati,
1030 4582 1062 4632 ut
1084 4527 1153 4643 xli,
1178 4581 1236 4656 311.
1256 4607 1286 4616 -·-

115 4643 176 4705 751.
200 4649 321 4719 poderem
349 4651 442 4719 pedes.
476 4649 536 4706 Vid.
567 4647 732 4719 adnottad.
751 4652 784 4716 V,
805 4653 864 4705 569.
892 4651 920 4704 et
942 4647 1008 4711 XII,
1032 4650 1086 4701 139.
1119 4646 1217 4702 Nostro
1245 4645 1287 4700 te-
