<?xml version="1.0" encoding="UTF-8"?>
<!DOCTYPE html PUBLIC "-//W3C//DTD XHTML 1.0 Transitional//EN"
    "http://www.w3.org/TR/xhtml1/DTD/xhtml1-transitional.dtd">
<html xmlns="http://www.w3.org/1999/xhtml" xml:lang="en" lang="en">
 <head>
  <title>
</title>
<meta http-equiv="Content-Type" content="text/html;charset=utf-8" />
  <meta name='ocr-system' content='tesseract 3.04.00' />
  <meta name='ocr-capabilities' content='ocr_page ocr_carea ocr_par ocr_line ocrx_word'/>
</head>
<body>
  <div class='ocr_page' id='page_1' title='image "./pvirgilimaronis00forbgoog_0656.png"; bbox 0 0 2872 5070; ppageno 0'>
   <div class='ocr_carea' id='block_1_1' title="bbox 166 257 987 335">
    <p class='ocr_par' dir='ltr' id='par_1_1' title="bbox 166 257 987 335">
     <span class='ocr_line' id='line_1_1' title="bbox 166 257 987 335; baseline -0.011 -1"><span class='ocrx_word' id='word_1_1' title='bbox 166 272 228 335; x_wconf 86' lang='grc'><strong>614</strong></span> <span class='ocrx_word' id='word_1_2' title='bbox 521 262 561 330; x_wconf 91' lang='grc' dir='ltr'><strong>Ρ.</strong></span> <span class='ocrx_word' id='word_1_3' title='bbox 580 261 769 330; x_wconf 81' lang='lat' dir='ltr'><strong>VERGILI</strong></span> <span class='ocrx_word' id='word_1_4' title='bbox 787 257 987 326; x_wconf 83' lang='lat' dir='ltr'><strong>MARONIS</strong></span> 
     </span>
    </p>
   </div>
   <div class='ocr_carea' id='block_1_2' title="bbox 166 429 1352 582">
    <p class='ocr_par' dir='ltr' id='par_1_2' title="bbox 166 429 1352 582">
     <span class='ocr_line' id='line_1_2' title="bbox 166 429 1352 582; baseline -0.009 -84"><span class='ocrx_word' id='word_1_5' title='bbox 166 431 276 582; x_wconf 65' lang='lat' dir='ltr'><strong>Utpue</strong></span> <span class='ocrx_word' id='word_1_6' title='bbox 297 442 356 514; x_wconf 85' lang='lat' dir='ltr'><strong>est,</strong></span> <span class='ocrx_word' id='word_1_7' title='bbox 378 452 495 496; x_wconf 92' lang='lat' dir='ltr'><strong>nomen</strong></span> <span class='ocrx_word' id='word_1_8' title='bbox 519 432 596 512; x_wconf 80' lang='lat' dir='ltr'><strong>erit3</strong></span> <span class='ocrx_word' id='word_1_9' title='bbox 620 429 787 496; x_wconf 84' lang='lat' dir='ltr'><strong>commixti</strong></span> <span class='ocrx_word' id='word_1_10' title='bbox 808 448 945 514; x_wconf 87' lang='lat' dir='ltr'><strong>corpore</strong></span> <span class='ocrx_word' id='word_1_11' title='bbox 966 433 1092 490; x_wconf 84' lang='lat' dir='ltr'><strong>tantum</strong></span> <span class='ocrx_word' id='word_1_12' title='bbox 1297 437 1352 488; x_wconf 78' lang='lat'><strong>8³5</strong></span> 
     </span>
    </p>
   </div>
   <div class='ocr_carea' id='block_1_3' title="bbox 167 512 1152 998">
    <p class='ocr_par' dir='ltr' id='par_1_3' title="bbox 167 512 1006 683">
     <span class='ocr_line' id='line_1_3' title="bbox 168 512 1006 601; baseline -0.01 -19"><span class='ocrx_word' id='word_1_13' title='bbox 168 515 214 582; x_wconf 84' lang='lat' dir='ltr'><strong>Su</strong></span> <span class='ocrx_word' id='word_1_14' title='bbox 239 514 346 580; x_wconf 89' lang='lat' dir='ltr'><strong>sident</strong></span> <span class='ocrx_word' id='word_1_15' title='bbox 367 514 496 579; x_wconf 80' lang='lat' dir='ltr'>Teucri.</span> <span class='ocrx_word' id='word_1_16' title='bbox 522 512 648 579; x_wconf 88' lang='lat' dir='ltr'><strong>Morem</strong></span> <span class='ocrx_word' id='word_1_17' title='bbox 668 515 816 601; x_wconf 86' lang='lat' dir='ltr'><strong>ritusque</strong></span> <span class='ocrx_word' id='word_1_18' title='bbox 838 531 1006 576; x_wconf 88' lang='lat' dir='ltr'><strong>sacrorum</strong></span> 
     </span>
     <span class='ocr_line' id='line_1_4' title="bbox 167 592 988 683; baseline -0.01 -18"><span class='ocrx_word' id='word_1_19' title='bbox 167 599 320 665; x_wconf 82' lang='lat' dir='ltr'><strong>Adiciam</strong></span> <span class='ocrx_word' id='word_1_20' title='bbox 343 598 527 683; x_wconf 87' lang='lat' dir='ltr'><strong>faciamque</strong></span> <span class='ocrx_word' id='word_1_21' title='bbox 551 598 656 662; x_wconf 90' lang='lat' dir='ltr'><strong>omnis</strong></span> <span class='ocrx_word' id='word_1_22' title='bbox 678 619 742 662; x_wconf 89' lang='lat' dir='ltr'><strong>uno</strong></span> <span class='ocrx_word' id='word_1_23' title='bbox 765 617 822 662; x_wconf 89' lang='lat' dir='ltr'><strong>ore</strong></span> <span class='ocrx_word' id='word_1_24' title='bbox 842 592 988 659; x_wconf 86' lang='lat' dir='ltr'><strong>Latinos.</strong></span> 
     </span>
    </p>

    <p class='ocr_par' dir='ltr' id='par_1_4' title="bbox 167 677 1152 852">
     <span class='ocr_line' id='line_1_5' title="bbox 167 677 1152 768; baseline -0.011 -19"><span class='ocrx_word' id='word_1_25' title='bbox 167 683 256 749; x_wconf 89' lang='lat' dir='ltr'><strong>Hinc</strong></span> <span class='ocrx_word' id='word_1_26' title='bbox 280 704 385 768; x_wconf 87' lang='lat' dir='ltr'><strong>genus</strong></span> <span class='ocrx_word' id='word_1_27' title='bbox 407 680 554 746; x_wconf 90' lang='lat' dir='ltr'><strong>Ausonio</strong></span> <span class='ocrx_word' id='word_1_28' title='bbox 576 680 716 744; x_wconf 85' lang='lat' dir='ltr'><strong>mixtum</strong></span> <span class='ocrx_word' id='word_1_29' title='bbox 738 678 825 767; x_wconf 91' lang='lat' dir='ltr'><strong>quod</strong></span> <span class='ocrx_word' id='word_1_30' title='bbox 848 677 1007 763; x_wconf 86' lang='lat' dir='ltr'><strong>sanguine</strong></span> <span class='ocrx_word' id='word_1_31' title='bbox 1029 682 1152 760; x_wconf 74' lang='lat' dir='ltr'><strong>surget,</strong></span> 
     </span>
     <span class='ocr_line' id='line_1_6' title="bbox 169 757 1039 852; baseline -0.011 -20"><span class='ocrx_word' id='word_1_32' title='bbox 169 765 278 852; x_wconf 86' lang='lat' dir='ltr'><strong>Supra</strong></span> <span class='ocrx_word' id='word_1_33' title='bbox 298 764 455 844; x_wconf 89' lang='lat' dir='ltr'><strong>homines,</strong></span> <span class='ocrx_word' id='word_1_34' title='bbox 477 785 578 851; x_wconf 88' lang='lat' dir='ltr'><strong>supra</strong></span> <span class='ocrx_word' id='word_1_35' title='bbox 599 764 648 828; x_wconf 86' lang='lat' dir='ltr'><strong>iro</strong></span> <span class='ocrx_word' id='word_1_36' title='bbox 670 761 747 828; x_wconf 84' lang='lat' dir='ltr'><strong>deos</strong></span> <span class='ocrx_word' id='word_1_37' title='bbox 768 762 891 849; x_wconf 88' lang='lat' dir='ltr'><strong>pietate</strong></span> <span class='ocrx_word' id='word_1_38' title='bbox 910 757 1039 823; x_wconf 87' lang='lat' dir='ltr'><strong>videbis</strong></span> 
     </span>
    </p>

    <p class='ocr_par' dir='ltr' id='par_1_5' title="bbox 168 841 1037 998">
     <span class='ocr_line' id='line_1_7' title="bbox 168 841 1037 934; baseline -0.012 -19"><span class='ocrx_word' id='word_1_39' title='bbox 168 848 238 916; x_wconf 84' lang='lat' dir='ltr'><strong>Nec</strong></span> <span class='ocrx_word' id='word_1_40' title='bbox 259 870 340 933; x_wconf 86' lang='lat' dir='ltr'><strong>gens</strong></span> <span class='ocrx_word' id='word_1_41' title='bbox 362 846 430 912; x_wconf 91' lang='lat' dir='ltr'><strong>ulla</strong></span> <span class='ocrx_word' id='word_1_42' title='bbox 450 855 524 913; x_wconf 90' lang='lat' dir='ltr'><strong>tuos</strong></span> <span class='ocrx_word' id='word_1_43' title='bbox 546 868 649 934; x_wconf 89' lang='lat' dir='ltr'><strong>aeque</strong></span> <span class='ocrx_word' id='word_1_44' title='bbox 671 843 850 911; x_wconf 79' lang='lat' dir='ltr'><strong>celebrabit</strong></span> <span class='ocrx_word' id='word_1_45' title='bbox 870 841 1037 908; x_wconf 85' lang='lat' dir='ltr'><strong>honoree.“</strong></span> 
     </span>
     <span class='ocr_line' id='line_1_8' title="bbox 169 925 990 998; baseline -0.007 0"><span class='ocrx_word' id='word_1_46' title='bbox 169 931 296 998; x_wconf 85' lang='lat' dir='ltr'><strong>Adnuit</strong></span> <span class='ocrx_word' id='word_1_47' title='bbox 316 932 367 998; x_wconf 90' lang='lat' dir='ltr'><strong>his</strong></span> <span class='ocrx_word' id='word_1_48' title='bbox 389 932 471 997; x_wconf 93' lang='lat' dir='ltr'><strong>Iuno</strong></span> <span class='ocrx_word' id='word_1_49' title='bbox 490 939 523 996; x_wconf 89' lang='lat' dir='ltr'><strong>et</strong></span> <span class='ocrx_word' id='word_1_50' title='bbox 544 938 684 996; x_wconf 88' lang='lat' dir='ltr'><strong>mentem</strong></span> <span class='ocrx_word' id='word_1_51' title='bbox 704 928 827 994; x_wconf 85' lang='lat' dir='ltr'><strong>laetata</strong></span> <span class='ocrx_word' id='word_1_52' title='bbox 848 925 990 992; x_wconf 77' lang='lat' dir='ltr'><strong>retorsit.</strong></span> 
     </span>
    </p>
   </div>
   <div class='ocr_carea' id='block_1_4' title="bbox 168 1121 378 1132">
    <p class='ocr_par' dir='ltr' id='par_1_6' title="bbox 168 1121 378 1132">
     <span class='ocr_line' id='line_1_9' title="bbox 168 1121 378 1132; baseline 0 0"><span class='ocrx_word' id='word_1_53' title='bbox 168 1121 378 1132; x_wconf 53' lang='grc' dir='ltr'><strong>*ιι-..-</strong></span> 
     </span>
    </p>
   </div>
   <div class='ocr_carea' id='block_1_5' title="bbox 167 1229 1352 4741">
    <p class='ocr_par' dir='ltr' id='par_1_7' title="bbox 167 1229 1352 4741">
     <span class='ocr_line' id='line_1_10' title="bbox 170 1229 1347 1301; baseline -0.002 -14"><span class='ocrx_word' id='word_1_54' title='bbox 170 1259 203 1271; x_wconf 89' lang='grc'><strong>-</strong></span> <span class='ocrx_word' id='word_1_55' title='bbox 220 1231 348 1287; x_wconf 84' lang='lat' dir='ltr'><strong>Ceterum</strong></span> <span class='ocrx_word' id='word_1_56' title='bbox 367 1232 478 1287; x_wconf 78' lang='lat' dir='ltr'><strong>Peerlt.</strong></span> <span class='ocrx_word' id='word_1_57' title='bbox 496 1232 563 1287; x_wconf 88' lang='lat' dir='ltr'><strong>hacc</strong></span> <span class='ocrx_word' id='word_1_58' title='bbox 579 1232 706 1288; x_wconf 85' lang='lat' dir='ltr'><strong>adnotat:</strong></span> <span class='ocrx_word' id='word_1_59' title='bbox 726 1230 812 1299; x_wconf 89' lang='lat' dir='ltr'><strong>„Iuno</strong></span> <span class='ocrx_word' id='word_1_60' title='bbox 831 1247 914 1301; x_wconf 88' lang='lat' dir='ltr'><strong>supra</strong></span> <span class='ocrx_word' id='word_1_61' title='bbox 931 1232 968 1299; x_wconf 82' lang='lat' dir='ltr'><strong>[v.</strong></span> <span class='ocrx_word' id='word_1_62' title='bbox 986 1229 1054 1297; x_wconf 65' lang='grc'><strong>8251</strong></span> <span class='ocrx_word' id='word_1_63' title='bbox 1071 1230 1223 1298; x_wconf 81' lang='lat' dir='ltr'><strong>rogaverat,</strong></span> <span class='ocrx_word' id='word_1_64' title='bbox 1241 1244 1278 1284; x_wconf 84' lang='lat' dir='ltr'><strong>ne</strong></span> <span class='ocrx_word' id='word_1_65' title='bbox 1294 1229 1347 1285; x_wconf 82' lang='lat' dir='ltr'><strong>viri</strong></span> 
     </span>
     <span class='ocr_line' id='line_1_11' title="bbox 168 1295 1346 1370; baseline -0.003 -15"><span class='ocrx_word' id='word_1_66' title='bbox 168 1315 263 1355; x_wconf 83' lang='lat' dir='ltr'><strong>ccccm</strong></span> <span class='ocrx_word' id='word_1_67' title='bbox 280 1307 415 1355; x_wconf 65' lang='lat' dir='ltr'><strong>maturuit</strong></span> <span class='ocrx_word' id='word_1_68' title='bbox 431 1302 480 1354; x_wconf 91' lang='lat' dir='ltr'><strong>aut</strong></span> <span class='ocrx_word' id='word_1_69' title='bbox 497 1307 594 1354; x_wconf 66' lang='lat' dir='ltr'><strong>acaum</strong></span> <span class='ocrx_word' id='word_1_70' title='bbox 610 1308 751 1356; x_wconf 66' lang='lat' dir='ltr'><strong>comem.</strong></span> <span class='ocrx_word' id='word_1_71' title='bbox 782 1300 886 1370; x_wconf 78' lang='lat' dir='ltr'><strong>Iupiter</strong></span> <span class='ocrx_word' id='word_1_72' title='bbox 904 1298 1000 1353; x_wconf 88' lang='lat' dir='ltr'><strong>melius</strong></span> <span class='ocrx_word' id='word_1_73' title='bbox 1017 1295 1213 1367; x_wconf 78' lang='lat' dir='ltr'><strong>respondisset:</strong></span> <span class='ocrx_word' id='word_1_74' title='bbox 1229 1303 1346 1352; x_wconf 70' lang='lat' dir='ltr'><strong>cesum·</strong></span> 
     </span>
     <span class='ocr_line' id='line_1_12' title="bbox 169 1363 1344 1438; baseline -0.001 -18"><span class='ocrx_word' id='word_1_75' title='bbox 169 1384 222 1438; x_wconf 78' lang='lat' dir='ltr'><strong>qua</strong></span> <span class='ocrx_word' id='word_1_76' title='bbox 237 1369 388 1422; x_wconf 60' lang='lat' dir='ltr'><strong>emaum</strong></span> <span class='ocrx_word' id='word_1_77' title='bbox 424 1367 477 1423; x_wconf 78' lang='lat' dir='ltr'><strong>Sed</strong></span> <span class='ocrx_word' id='word_1_78' title='bbox 494 1385 584 1423; x_wconf 83' lang='lat' dir='ltr'><strong>morea</strong></span> <span class='ocrx_word' id='word_1_79' title='bbox 601 1368 683 1422; x_wconf 86' lang='lat' dir='ltr'><strong>otium</strong></span> <span class='ocrx_word' id='word_1_80' title='bbox 701 1367 833 1423; x_wconf 83' lang='lat' dir='ltr'><strong>vestitum</strong></span> <span class='ocrx_word' id='word_1_81' title='bbox 853 1366 1083 1436; x_wconf 64' lang='lat' dir='ltr'><strong>complectentem</strong></span> <span class='ocrx_word' id='word_1_82' title='bbox 1109 1367 1138 1418; x_wconf 90' lang='lat' dir='ltr'><strong>ct</strong></span> <span class='ocrx_word' id='word_1_83' title='bbox 1154 1363 1233 1418; x_wconf 86' lang='lat' dir='ltr'><strong>dccet</strong></span> <span class='ocrx_word' id='word_1_84' title='bbox 1249 1363 1344 1419; x_wconf 83' lang='lat' dir='ltr'><strong>Iovem</strong></span> 
     </span>
     <span class='ocr_line' id='line_1_13' title="bbox 189 1431 1346 1505; baseline -0.001 -17"><span class='ocrx_word' id='word_1_85' title='bbox 189 1434 250 1489; x_wconf 92' lang='lat' dir='ltr'><strong>lura</strong></span> <span class='ocrx_word' id='word_1_86' title='bbox 266 1435 349 1490; x_wconf 87' lang='lat' dir='ltr'><strong>etiam</strong></span> <span class='ocrx_word' id='word_1_87' title='bbox 366 1434 533 1505; x_wconf 81' lang='lat' dir='ltr'><strong>promittere,</strong></span> <span class='ocrx_word' id='word_1_88' title='bbox 552 1451 633 1505; x_wconf 85' lang='lat' dir='ltr'><strong>quam</strong></span> <span class='ocrx_word' id='word_1_89' title='bbox 649 1435 717 1490; x_wconf 94' lang='lat' dir='ltr'><strong>Iuno</strong></span> <span class='ocrx_word' id='word_1_90' title='bbox 735 1438 887 1504; x_wconf 83' lang='lat' dir='ltr'><strong>rogaverat.</strong></span> <span class='ocrx_word' id='word_1_91' title='bbox 905 1463 939 1473; x_wconf 89' lang='lat'>-</span> <span class='ocrx_word' id='word_1_92' title='bbox 958 1431 1017 1494; x_wconf 73' lang='lat'><strong>835</strong></span> <span class='ocrx_word' id='word_1_93' title='bbox 1034 1446 1074 1501; x_wconf 80' lang='lat' dir='ltr'><strong>aq.</strong></span> <span class='ocrx_word' id='word_1_94' title='bbox 1100 1432 1197 1496; x_wconf 84' lang='lat' dir='ltr'><strong>„ch</strong></span> <span class='ocrx_word' id='word_1_95' title='bbox 1215 1439 1346 1487; x_wconf 79' lang='lat' dir='ltr'><strong>tautum</strong></span> 
     </span>
     <span class='ocr_line' id='line_1_14' title="bbox 169 1450 1343 1573; baseline -0.003 -17"><span class='ocrx_word' id='word_1_96' title='bbox 169 1450 220 1556; x_wconf 70' lang='lat' dir='ltr'><strong>icc</strong></span> <span class='ocrx_word' id='word_1_97' title='bbox 239 1502 300 1557; x_wconf 88' lang='lat' dir='ltr'><strong>flet:</strong></span> <span class='ocrx_word' id='word_1_98' title='bbox 318 1503 445 1573; x_wconf 85' lang='lat' dir='ltr'><strong>permixti</strong></span> <span class='ocrx_word' id='word_1_99' title='bbox 463 1518 523 1556; x_wconf 91' lang='lat' dir='ltr'><strong>cum</strong></span> <span class='ocrx_word' id='word_1_100' title='bbox 540 1503 703 1566; x_wconf 80' lang='lat' dir='ltr'><strong>Anseribus,</strong></span> <span class='ocrx_word' id='word_1_101' title='bbox 721 1502 748 1559; x_wconf 90' lang='lat' dir='ltr'><strong>h.</strong></span> <span class='ocrx_word' id='word_1_102' title='bbox 767 1517 790 1557; x_wconf 90' lang='lat' dir='ltr'><strong>a.</strong></span> <span class='ocrx_word' id='word_1_103' title='bbox 810 1501 925 1564; x_wconf 86' lang='lat' dir='ltr'><strong>Latinis,</strong></span> <span class='ocrx_word' id='word_1_104' title='bbox 943 1499 1055 1556; x_wconf 88' lang='lat' dir='ltr'><strong>Troiani</strong></span> <span class='ocrx_word' id='word_1_105' title='bbox 1071 1498 1343 1568; x_wconf 86' lang='lat' dir='ltr'><strong>comprehendentur,</strong></span> 
     </span>
     <span class='ocr_line' id='line_1_15' title="bbox 170 1565 1344 1650; baseline -0.002 -26"><span class='ocrx_word' id='word_1_106' title='bbox 170 1569 297 1625; x_wconf 86' lang='lat' dir='ltr'><strong>latebunt</strong></span> <span class='ocrx_word' id='word_1_107' title='bbox 314 1571 363 1626; x_wconf 91' lang='lat' dir='ltr'><strong>sub</strong></span> <span class='ocrx_word' id='word_1_108' title='bbox 381 1570 541 1625; x_wconf 88' lang='lat' dir='ltr'><strong>Latinorum</strong></span> <span class='ocrx_word' id='word_1_109' title='bbox 558 1571 673 1625; x_wconf 86' lang='lat' dir='ltr'><strong>nomine.</strong></span> <span class='ocrx_word' id='word_1_110' title='bbox 711 1569 797 1650; x_wconf 78' lang='lat' dir='ltr'><strong>[Nihil</strong></span> <span class='ocrx_word' id='word_1_111' title='bbox 813 1569 898 1630; x_wconf 83' lang='lat' dir='ltr'><strong>uliud,</strong></span> <span class='ocrx_word' id='word_1_112' title='bbox 915 1568 969 1622; x_wconf 86' lang='lat' dir='ltr'><strong>nisi</strong></span> <span class='ocrx_word' id='word_1_113' title='bbox 985 1566 1043 1631; x_wconf 92' lang='lat' dir='ltr'><strong>hoc,</strong></span> <span class='ocrx_word' id='word_1_114' title='bbox 1062 1566 1204 1621; x_wconf 73' lang='lat' dir='ltr'><strong>concedam</strong></span> <span class='ocrx_word' id='word_1_115' title='bbox 1224 1565 1344 1632; x_wconf 85' lang='lat' dir='ltr'><strong>Teucria,</strong></span> 
     </span>
     <span class='ocr_line' id='line_1_16' title="bbox 171 1633 1345 1707; baseline -0.002 -16"><span class='ocrx_word' id='word_1_116' title='bbox 171 1639 204 1691; x_wconf 91' lang='lat' dir='ltr'><strong>ut</strong></span> <span class='ocrx_word' id='word_1_117' title='bbox 220 1666 232 1678; x_wconf 94' lang='lat'><strong>·</strong></span> <span class='ocrx_word' id='word_1_118' title='bbox 248 1665 260 1678; x_wconf 93' lang='lat'>·</span> <span class='ocrx_word' id='word_1_119' title='bbox 278 1637 441 1707; x_wconf 78' lang='lat' dir='ltr'><strong>subsidant]</strong></span> <span class='ocrx_word' id='word_1_120' title='bbox 477 1637 540 1691; x_wconf 84' lang='lat' dir='ltr'><strong>Cor</strong></span> <span class='ocrx_word' id='word_1_121' title='bbox 567 1656 605 1691; x_wconf 81' lang='lat' dir='ltr'><strong>aa</strong></span> <span class='ocrx_word' id='word_1_122' title='bbox 621 1638 654 1692; x_wconf 89' lang='lat' dir='ltr'><strong>dc</strong></span> <span class='ocrx_word' id='word_1_123' title='bbox 673 1652 795 1692; x_wconf 83' lang='lat' dir='ltr'><strong>umverso</strong></span> <span class='ocrx_word' id='word_1_124' title='bbox 833 1636 913 1707; x_wconf 90' lang='lat' dir='ltr'><strong>opulo</strong></span> <span class='ocrx_word' id='word_1_125' title='bbox 951 1635 1070 1699; x_wconf 78' lang='lat' dir='ltr'><strong>civitate,</strong></span> <span class='ocrx_word' id='word_1_126' title='bbox 1088 1634 1200 1703; x_wconf 90' lang='lat' dir='ltr'><strong>imperio</strong></span> <span class='ocrx_word' id='word_1_127' title='bbox 1219 1633 1284 1698; x_wconf 86' lang='lat' dir='ltr'><strong>dici,</strong></span> <span class='ocrx_word' id='word_1_128' title='bbox 1302 1651 1345 1689; x_wconf 84' lang='lat' dir='ltr'><strong>aa·</strong></span> 
     </span>
     <span class='ocr_line' id='line_1_17' title="bbox 170 1653 1343 1774; baseline -0.003 -15"><span class='ocrx_word' id='word_1_129' title='bbox 170 1704 207 1759; x_wconf 85' lang='lat' dir='ltr'><strong>tis</strong></span> <span class='ocrx_word' id='word_1_130' title='bbox 235 1704 405 1760; x_wconf 83' lang='lat' dir='ltr'><strong>illustratum</strong></span> <span class='ocrx_word' id='word_1_131' title='bbox 436 1704 512 1759; x_wconf 87' lang='lat' dir='ltr'><strong>dedit</strong></span> <span class='ocrx_word' id='word_1_132' title='bbox 556 1705 621 1760; x_wconf 90' lang='lat' dir='ltr'><strong>eins.</strong></span> <span class='ocrx_word' id='word_1_133' title='bbox 639 1704 673 1760; x_wconf 83' lang='lat' dir='ltr'><strong>cd</strong></span> <span class='ocrx_word' id='word_1_134' title='bbox 690 1705 718 1758; x_wconf 88' lang='lat' dir='ltr'><strong>h.</strong></span> <span class='ocrx_word' id='word_1_135' title='bbox 735 1705 753 1759; x_wconf 95' lang='lat' dir='ltr'><strong>l.</strong></span> <span class='ocrx_word' id='word_1_136' title='bbox 771 1653 833 1774; x_wconf 77' lang='lat' dir='ltr'><strong>[vid.</strong></span> <span class='ocrx_word' id='word_1_137' title='bbox 852 1704 886 1758; x_wconf 87' lang='lat' dir='ltr'><strong>ad</strong></span> <span class='ocrx_word' id='word_1_138' title='bbox 904 1676 952 1772; x_wconf 57' lang='lat' dir='ltr'><strong>II,</strong></span> <span class='ocrx_word' id='word_1_139' title='bbox 971 1701 1050 1771; x_wconf 78' lang='grc'><strong>313.].</strong></span> <span class='ocrx_word' id='word_1_140' title='bbox 1083 1700 1180 1771; x_wconf 85' lang='lat' dir='ltr'><strong>Itaque</strong></span> <span class='ocrx_word' id='word_1_141' title='bbox 1196 1703 1264 1756; x_wconf 86' lang='lat' dir='ltr'><strong>sunt</strong></span> <span class='ocrx_word' id='word_1_142' title='bbox 1279 1701 1343 1756; x_wconf 75' lang='lat' dir='ltr'><strong>lui</strong></span> 
     </span>
     <span class='ocr_line' id='line_1_18' title="bbox 171 1768 1343 1843; baseline -0.002 -17"><span class='ocrx_word' id='word_1_143' title='bbox 171 1771 266 1826; x_wconf 84' lang='lat' dir='ltr'><strong>Teucri</strong></span> <span class='ocrx_word' id='word_1_144' title='bbox 294 1772 432 1827; x_wconf 82' lang='lat' dir='ltr'><strong>commixti</strong></span> <span class='ocrx_word' id='word_1_145' title='bbox 461 1788 522 1826; x_wconf 91' lang='lat' dir='ltr'><strong>cum</strong></span> <span class='ocrx_word' id='word_1_146' title='bbox 552 1774 610 1827; x_wconf 89' lang='lat' dir='ltr'><strong>toto</strong></span> <span class='ocrx_word' id='word_1_147' title='bbox 636 1772 736 1843; x_wconf 89' lang='lat' dir='ltr'><strong>populo</strong></span> <span class='ocrx_word' id='word_1_148' title='bbox 753 1770 919 1827; x_wconf 84' lang='lat' dir='ltr'><strong>Latiuomm.</strong></span> <span class='ocrx_word' id='word_1_149' title='bbox 954 1769 1051 1839; x_wconf 69' lang='lat' dir='ltr'><strong>[uhter</strong></span> <span class='ocrx_word' id='word_1_150' title='bbox 1070 1770 1162 1822; x_wconf 80' lang='lat' dir='ltr'><strong>tamm</strong></span> <span class='ocrx_word' id='word_1_151' title='bbox 1180 1768 1343 1839; x_wconf 77' lang='lat' dir='ltr'><strong>Conington,</strong></span> 
     </span>
     <span class='ocr_line' id='line_1_19' title="bbox 172 1836 1345 1910; baseline 0 -18"><span class='ocrx_word' id='word_1_152' title='bbox 172 1839 219 1909; x_wconf 88' lang='lat' dir='ltr'><strong>qui</strong></span> <span class='ocrx_word' id='word_1_153' title='bbox 236 1842 311 1894; x_wconf 86' lang='lat' dir='ltr'><strong>arcte</strong></span> <span class='ocrx_word' id='word_1_154' title='bbox 329 1839 470 1895; x_wconf 90' lang='lat' dir='ltr'><strong>cohaerere</strong></span> <span class='ocrx_word' id='word_1_155' title='bbox 489 1843 580 1894; x_wconf 89' lang='lat' dir='ltr'><strong>censet</strong></span> <span class='ocrx_word' id='word_1_156' title='bbox 602 1855 720 1910; x_wconf 76' lang='lat' dir='ltr'><strong>corpore</strong></span> <span class='ocrx_word' id='word_1_157' title='bbox 739 1847 843 1894; x_wconf 71' lang='lat' dir='ltr'><strong>tamna</strong></span> <span class='ocrx_word' id='word_1_158' title='bbox 860 1840 888 1893; x_wconf 89' lang='lat' dir='ltr'><strong>et</strong></span> <span class='ocrx_word' id='word_1_159' title='bbox 904 1836 1112 1907; x_wconf 88' lang='lat' dir='ltr'><strong>interpretatur:</strong></span> <span class='ocrx_word' id='word_1_160' title='bbox 1151 1837 1203 1903; x_wconf 76' lang='lat' dir='ltr'><strong>‚tha</strong></span> <span class='ocrx_word' id='word_1_161' title='bbox 1220 1836 1345 1906; x_wconf 75' lang='lat' dir='ltr'><strong>Trojm</strong></span> 
     </span>
     <span class='ocr_line' id='line_1_20' title="bbox 170 1876 1346 1977; baseline -0.002 -17"><span class='ocrx_word' id='word_1_162' title='bbox 170 1906 292 1974; x_wconf 76' lang='lat' dir='ltr'><strong>miuglcd</strong></span> <span class='ocrx_word' id='word_1_163' title='bbox 307 1907 373 1960; x_wconf 71' lang='lat' dir='ltr'><strong>wira</strong></span> <span class='ocrx_word' id='word_1_164' title='bbox 391 1909 435 1960; x_wconf 75' lang='lat' dir='ltr'><strong>the</strong></span> <span class='ocrx_word' id='word_1_165' title='bbox 453 1907 553 1961; x_wconf 74' lang='lat' dir='ltr'><strong>Latina</strong></span> <span class='ocrx_word' id='word_1_166' title='bbox 569 1907 598 1961; x_wconf 82' lang='lat' dir='ltr'><strong>a&#39;a</strong></span> <span class='ocrx_word' id='word_1_167' title='bbox 614 1908 688 1977; x_wconf 78' lang='lat' dir='ltr'><strong>body</strong></span> <span class='ocrx_word' id='word_1_168' title='bbox 705 1907 777 1977; x_wconf 78' lang='lat' dir='ltr'><strong>only,</strong></span> <span class='ocrx_word' id='word_1_169' title='bbox 794 1913 844 1960; x_wconf 83' lang='lat' dir='ltr'><strong>act</strong></span> <span class='ocrx_word' id='word_1_170' title='bbox 859 1907 889 1959; x_wconf 79' lang='lat' dir='ltr'><strong>ic</strong></span> <span class='ocrx_word' id='word_1_171' title='bbox 904 1922 993 1966; x_wconf 81' lang='lat' dir='ltr'><strong>acme,</strong></span> <span class='ocrx_word' id='word_1_172' title='bbox 1011 1902 1086 1957; x_wconf 77' lang='lat' dir='ltr'><strong><em>shall</em></strong></span> <span class='ocrx_word' id='word_1_173' title='bbox 1103 1876 1173 1957; x_wconf 66' lang='lat' dir='ltr'><strong>aoid</strong></span> <span class='ocrx_word' id='word_1_174' title='bbox 1187 1904 1231 1958; x_wconf 74' lang='lat' dir='ltr'><strong>the</strong></span> <span class='ocrx_word' id='word_1_175' title='bbox 1251 1904 1346 1958; x_wconf 66' lang='lat' dir='ltr'><strong>lowen</strong></span> 
     </span>
     <span class='ocr_line' id='line_1_21' title="bbox 167 1970 1345 2110; baseline -0.002 -17"><span class='ocrx_word' id='word_1_176' title='bbox 167 1974 294 2093; x_wconf 66' lang='lat' dir='ltr'><strong>suti</strong></span> <span class='ocrx_word' id='word_1_177' title='bbox 310 1973 631 2110; x_wconf 47' lang='lat' dir='ltr'><strong>{diffidati</strong></span> <span class='ocrx_word' id='word_1_178' title='bbox 660 1975 755 2095; x_wconf 63' lang='lat' dir='ltr'><strong>uu?</strong></span> <span class='ocrx_word' id='word_1_179' title='bbox 768 1973 936 2096; x_wconf 59' lang='grc' dir='ltr'><strong>,1111ιέ1</strong></span> <span class='ocrx_word' id='word_1_180' title='bbox 953 1972 1097 2094; x_wconf 66' lang='lat' dir='ltr'><strong>{eeu</strong></span> <span class='ocrx_word' id='word_1_181' title='bbox 1108 1970 1345 2092; x_wconf 48' lang='grc'><strong>11111101</strong></span> 
     </span>
     <span class='ocr_line' id='line_1_22' title="bbox 174 2058 1345 2227; baseline 0 -67"><span class='ocrx_word' id='word_1_182' title='bbox 174 2109 214 2161; x_wconf 84' lang='grc'><strong>19.</strong></span> <span class='ocrx_word' id='word_1_183' title='bbox 232 2108 261 2161; x_wconf 89' lang='lat' dir='ltr'><strong>et</strong></span> <span class='ocrx_word' id='word_1_184' title='bbox 277 2121 360 2175; x_wconf 86' lang='lat' dir='ltr'><strong>supra</strong></span> <span class='ocrx_word' id='word_1_185' title='bbox 377 2107 409 2171; x_wconf 87' lang='lat' dir='ltr'><strong>V,</strong></span> <span class='ocrx_word' id='word_1_186' title='bbox 428 2058 502 2227; x_wconf 49' lang='lat'><strong>491835</strong></span> <span class='ocrx_word' id='word_1_187' title='bbox 504 2128 511 2171; x_wconf 87' lang='grc'><strong>;</strong></span> <span class='ocrx_word' id='word_1_188' title='bbox 542 2083 619 2161; x_wconf 85' lang='lat' dir='ltr'><strong>nuuc¹</strong></span> <span class='ocrx_word' id='word_1_189' title='bbox 636 2058 770 2162; x_wconf 72' lang='lat' dir='ltr'><strong>epminente</strong></span> <span class='ocrx_word' id='word_1_190' title='bbox 789 2107 948 2162; x_wconf 84' lang='lat' dir='ltr'><strong>Latinorum</strong></span> <span class='ocrx_word' id='word_1_191' title='bbox 966 2105 1073 2160; x_wconf 89' lang='lat' dir='ltr'><strong>nomine</strong></span> <span class='ocrx_word' id='word_1_192' title='bbox 1089 2079 1281 2159; x_wconf 76' lang='lat' dir='ltr'><strong>obscurabitur</strong></span> <span class='ocrx_word' id='word_1_193' title='bbox 1292 2077 1345 2161; x_wconf 52' lang='lat' dir='ltr'><strong>&#39;nos</strong></span> 
     </span>
     <span class='ocr_line' id='line_1_23' title="bbox 171 2172 1345 2244; baseline 0.001 -18"><span class='ocrx_word' id='word_1_194' title='bbox 171 2187 234 2227; x_wconf 84' lang='lat' dir='ltr'><strong>men</strong></span> <span class='ocrx_word' id='word_1_195' title='bbox 247 2173 439 2229; x_wconf 84' lang='lat' dir='ltr'><strong>Teucrorum.“</strong></span> <span class='ocrx_word' id='word_1_196' title='bbox 488 2191 545 2244; x_wconf 78' lang='lat' dir='ltr'><strong>epa,</strong></span> <span class='ocrx_word' id='word_1_197' title='bbox 564 2174 664 2229; x_wconf 78' lang='lat' dir='ltr'><strong>Eodem</strong></span> <span class='ocrx_word' id='word_1_198' title='bbox 676 2174 733 2229; x_wconf 82' lang='lat' dir='ltr'><strong>fere</strong></span> <span class='ocrx_word' id='word_1_199' title='bbox 747 2173 820 2228; x_wconf 88' lang='lat' dir='ltr'><strong>redit</strong></span> <span class='ocrx_word' id='word_1_200' title='bbox 829 2174 974 2243; x_wconf 85' lang='lat' dir='ltr'><strong>Ladcwigii</strong></span> <span class='ocrx_word' id='word_1_201' title='bbox 987 2172 1088 2239; x_wconf 70' lang='lat' dir='ltr'><strong>adnot,</strong></span> <span class='ocrx_word' id='word_1_202' title='bbox 1100 2172 1146 2242; x_wconf 87' lang='lat' dir='ltr'><strong>qui</strong></span> <span class='ocrx_word' id='word_1_203' title='bbox 1157 2172 1239 2227; x_wconf 82' lang='lat' dir='ltr'><strong>verbo</strong></span> <span class='ocrx_word' id='word_1_204' title='bbox 1254 2172 1345 2227; x_wconf 58' lang='lat' dir='ltr'><strong>aad·</strong></span> 
     </span>
     <span class='ocr_line' id='line_1_24' title="bbox 171 2240 1344 2311; baseline 0 -17"><span class='ocrx_word' id='word_1_205' title='bbox 171 2241 238 2294; x_wconf 79' lang='lat' dir='ltr'><strong>dore</strong></span> <span class='ocrx_word' id='word_1_206' title='bbox 248 2256 360 2311; x_wconf 81' lang='lat' dir='ltr'><strong>parvum</strong></span> <span class='ocrx_word' id='word_1_207' title='bbox 373 2240 534 2296; x_wconf 78' lang='lat' dir='ltr'><strong>Teucrorum</strong></span> <span class='ocrx_word' id='word_1_208' title='bbox 546 2257 687 2296; x_wconf 90' lang='lat' dir='ltr'><strong>numerum</strong></span> <span class='ocrx_word' id='word_1_209' title='bbox 699 2257 760 2296; x_wconf 88' lang='lat' dir='ltr'><strong>cum</strong></span> <span class='ocrx_word' id='word_1_210' title='bbox 770 2241 928 2296; x_wconf 88' lang='lat' dir='ltr'><strong>Latinorum</strong></span> <span class='ocrx_word' id='word_1_211' title='bbox 947 2256 1058 2294; x_wconf 90' lang='lat' dir='ltr'><strong>numero</strong></span> <span class='ocrx_word' id='word_1_212' title='bbox 1077 2255 1135 2294; x_wconf 87' lang='lat' dir='ltr'><strong>com</strong></span> <span class='ocrx_word' id='word_1_213' title='bbox 1155 2242 1264 2294; x_wconf 86' lang='lat' dir='ltr'><strong>aratum</strong></span> <span class='ocrx_word' id='word_1_214' title='bbox 1275 2240 1344 2295; x_wconf 84' lang='lat' dir='ltr'><strong>indi·</strong></span> 
     </span>
     <span class='ocr_line' id='line_1_25' title="bbox 172 2307 1345 2390; baseline 0 -28"><span class='ocrx_word' id='word_1_215' title='bbox 172 2308 229 2389; x_wconf 75' lang='lat' dir='ltr'><strong>cari</strong></span> <span class='ocrx_word' id='word_1_216' title='bbox 255 2309 344 2378; x_wconf 83' lang='lat' dir='ltr'><strong>putat.</strong></span> <span class='ocrx_word' id='word_1_217' title='bbox 380 2308 477 2390; x_wconf 62' lang='lat' dir='ltr'><strong>Wagn.</strong></span> <span class='ocrx_word' id='word_1_218' title='bbox 506 2311 580 2363; x_wconf 88' lang='lat' dir='ltr'><strong>arcte</strong></span> <span class='ocrx_word' id='word_1_219' title='bbox 598 2310 739 2389; x_wconf 75' lang='lat' dir='ltr'><strong>cohaerere</strong></span> <span class='ocrx_word' id='word_1_220' title='bbox 756 2309 848 2364; x_wconf 83' lang='lat' dir='ltr'><strong>censet</strong></span> <span class='ocrx_word' id='word_1_221' title='bbox 867 2309 950 2364; x_wconf 80' lang='lat' dir='ltr'><strong>verba</strong></span> <span class='ocrx_word' id='word_1_222' title='bbox 967 2307 1115 2361; x_wconf 70' lang='lat' dir='ltr'><strong>Subsident</strong></span> <span class='ocrx_word' id='word_1_223' title='bbox 1156 2309 1280 2362; x_wconf 77' lang='lat' dir='ltr'><strong>euertat</strong></span> <span class='ocrx_word' id='word_1_224' title='bbox 1298 2310 1345 2372; x_wconf 80' lang='lat' dir='ltr'><strong>fa·</strong></span> 
     </span>
     <span class='ocr_line' id='line_1_26' title="bbox 172 2375 1346 2524; baseline 0 -28"><span class='ocrx_word' id='word_1_225' title='bbox 172 2441 244 2498; x_wconf 89' lang='lat' dir='ltr'><strong>idem</strong></span> <span class='ocrx_word' id='word_1_226' title='bbox 263 2458 309 2521; x_wconf 38' lang='lat' dir='ltr'><strong>uc·</strong></span> <span class='ocrx_word' id='word_1_227' title='bbox 323 2393 427 2499; x_wconf 33' lang='lat' dir='ltr'><strong>oppa·</strong></span> <span class='ocrx_word' id='word_1_228' title='bbox 441 2377 515 2497; x_wconf 41' lang='lat' dir='ltr'><strong>cetri?</strong></span> <span class='ocrx_word' id='word_1_229' title='bbox 524 2375 839 2524; x_wconf 50' lang='lat' dir='ltr'><strong>ppltiiepplppuperdgffl</strong></span> <span class='ocrx_word' id='word_1_230' title='bbox 855 2375 1346 2512; x_wconf 48' lang='lat' dir='ltr'><strong>mpspgpapmppppmpapppggp</strong></span> 
     </span>
     <span class='ocr_line' id='line_1_27' title="bbox 173 2459 1346 2591; baseline -0.001 -27"><span class='ocrx_word' id='word_1_231' title='bbox 173 2513 237 2581; x_wconf 87' lang='lat' dir='ltr'><strong>(quo</strong></span> <span class='ocrx_word' id='word_1_232' title='bbox 274 2514 356 2591; x_wconf 61' lang='lat' dir='ltr'><strong>ctiam</strong></span> <span class='ocrx_word' id='word_1_233' title='bbox 373 2459 558 2591; x_wconf 57' lang='lat' dir='ltr'><strong>Peerldampro</strong></span> <span class='ocrx_word' id='word_1_234' title='bbox 588 2511 689 2565; x_wconf 89' lang='lat' dir='ltr'><strong>dudum</strong></span> <span class='ocrx_word' id='word_1_235' title='bbox 707 2511 735 2564; x_wconf 90' lang='lat' dir='ltr'><strong>in</strong></span> <span class='ocrx_word' id='word_1_236' title='bbox 754 2514 872 2591; x_wconf 75' lang='lat' dir='ltr'><strong>mentem</strong></span> <span class='ocrx_word' id='word_1_237' title='bbox 889 2511 1020 2589; x_wconf 74' lang='lat' dir='ltr'><strong>venerat),</strong></span> <span class='ocrx_word' id='word_1_238' title='bbox 1070 2525 1216 2588; x_wconf 72' lang='lat' dir='ltr'><strong>numquam</strong></span> <span class='ocrx_word' id='word_1_239' title='bbox 1235 2509 1269 2590; x_wconf 74' lang='lat' dir='ltr'><strong>dc</strong></span> <span class='ocrx_word' id='word_1_240' title='bbox 1285 2511 1346 2563; x_wconf 86' lang='lat' dir='ltr'><strong>toto</strong></span> 
     </span>
     <span class='ocr_line' id='line_1_28' title="bbox 171 2576 1344 2648; baseline -0.001 -17"><span class='ocrx_word' id='word_1_241' title='bbox 171 2576 231 2632; x_wconf 92' lang='lat' dir='ltr'><strong>loco</strong></span> <span class='ocrx_word' id='word_1_242' title='bbox 261 2578 313 2631; x_wconf 81' lang='lat' dir='ltr'><strong>srbr</strong></span> <span class='ocrx_word' id='word_1_243' title='bbox 336 2578 454 2633; x_wconf 87' lang='lat' dir='ltr'><strong>nondum</strong></span> <span class='ocrx_word' id='word_1_244' title='bbox 473 2578 575 2648; x_wconf 77' lang='lat' dir='ltr'><strong>liquere</strong></span> <span class='ocrx_word' id='word_1_245' title='bbox 593 2579 745 2633; x_wconf 88' lang='lat' dir='ltr'><strong>confltetur.</strong></span> <span class='ocrx_word' id='word_1_246' title='bbox 781 2578 850 2632; x_wconf 82' lang='lat' dir='ltr'><strong>Mrhr</strong></span> <span class='ocrx_word' id='word_1_247' title='bbox 867 2578 941 2632; x_wconf 87' lang='lat' dir='ltr'><strong>nullu</strong></span> <span class='ocrx_word' id='word_1_248' title='bbox 958 2577 1032 2631; x_wconf 85' lang='lat' dir='ltr'><strong>drific</strong></span> <span class='ocrx_word' id='word_1_249' title='bbox 1062 2579 1106 2630; x_wconf 89' lang='lat' dir='ltr'><strong>tas</strong></span> <span class='ocrx_word' id='word_1_250' title='bbox 1124 2593 1211 2631; x_wconf 86' lang='lat' dir='ltr'><strong>messe</strong></span> <span class='ocrx_word' id='word_1_251' title='bbox 1229 2576 1344 2631; x_wconf 81' lang='lat' dir='ltr'><strong>ardetur.</strong></span> 
     </span>
     <span class='ocr_line' id='line_1_29' title="bbox 172 2644 1345 2714; baseline -0.001 -15"><span class='ocrx_word' id='word_1_252' title='bbox 172 2644 278 2714; x_wconf 90' lang='lat' dir='ltr'><strong>Iupiter</strong></span> <span class='ocrx_word' id='word_1_253' title='bbox 296 2645 439 2713; x_wconf 82' lang='lat' dir='ltr'><strong>significat,</strong></span> <span class='ocrx_word' id='word_1_254' title='bbox 458 2663 486 2700; x_wconf 91' lang='lat' dir='ltr'><strong>se</strong></span> <span class='ocrx_word' id='word_1_255' title='bbox 504 2646 671 2708; x_wconf 82' lang='lat' dir='ltr'><strong>effecturum,</strong></span> <span class='ocrx_word' id='word_1_256' title='bbox 688 2649 720 2699; x_wconf 89' lang='lat' dir='ltr'><strong>ut</strong></span> <span class='ocrx_word' id='word_1_257' title='bbox 737 2646 834 2699; x_wconf 91' lang='lat' dir='ltr'><strong>intima</strong></span> <span class='ocrx_word' id='word_1_258' title='bbox 850 2645 1039 2699; x_wconf 79' lang='lat' dir='ltr'><strong>commixtione</strong></span> <span class='ocrx_word' id='word_1_259' title='bbox 1056 2646 1170 2712; x_wconf 89' lang='lat' dir='ltr'><strong>uterquc</strong></span> <span class='ocrx_word' id='word_1_260' title='bbox 1187 2644 1305 2714; x_wconf 90' lang='lat' dir='ltr'><strong>populus</strong></span> <span class='ocrx_word' id='word_1_261' title='bbox 1318 2645 1345 2698; x_wconf 90' lang='lat' dir='ltr'><strong>iu</strong></span> 
     </span>
     <span class='ocr_line' id='line_1_30' title="bbox 173 2710 1344 2781; baseline 0 -16"><span class='ocrx_word' id='word_1_262' title='bbox 173 2727 256 2765; x_wconf 88' lang='lat' dir='ltr'><strong>unum</strong></span> <span class='ocrx_word' id='word_1_263' title='bbox 285 2716 370 2773; x_wconf 80' lang='lat' dir='ltr'><strong>coeat,</strong></span> <span class='ocrx_word' id='word_1_264' title='bbox 402 2729 457 2766; x_wconf 87' lang='lat' dir='ltr'><strong>una</strong></span> <span class='ocrx_word' id='word_1_265' title='bbox 483 2713 585 2781; x_wconf 82' lang='lat' dir='ltr'><strong>lingua,</strong></span> <span class='ocrx_word' id='word_1_266' title='bbox 614 2712 711 2767; x_wconf 84' lang='lat' dir='ltr'><strong>iisdem</strong></span> <span class='ocrx_word' id='word_1_267' title='bbox 735 2713 850 2781; x_wconf 87' lang='lat' dir='ltr'><strong>legibus,</strong></span> <span class='ocrx_word' id='word_1_268' title='bbox 880 2713 999 2768; x_wconf 88' lang='lat' dir='ltr'><strong>moribus</strong></span> <span class='ocrx_word' id='word_1_269' title='bbox 1016 2716 1045 2765; x_wconf 93' lang='lat' dir='ltr'><strong>et</strong></span> <span class='ocrx_word' id='word_1_270' title='bbox 1061 2710 1196 2765; x_wconf 78' lang='lat' dir='ltr'><strong>instItutis</strong></span> <span class='ocrx_word' id='word_1_271' title='bbox 1213 2715 1344 2766; x_wconf 89' lang='lat' dir='ltr'><strong>utentem</strong></span> 
     </span>
     <span class='ocr_line' id='line_1_31' title="bbox 172 2778 1346 2860; baseline 0.001 -28"><span class='ocrx_word' id='word_1_272' title='bbox 172 2778 216 2832; x_wconf 83' lang='lat' dir='ltr'><strong>Ad</strong></span> <span class='ocrx_word' id='word_1_273' title='bbox 235 2779 365 2858; x_wconf 78' lang='lat' dir='ltr'><strong>eiusmodi</strong></span> <span class='ocrx_word' id='word_1_274' title='bbox 382 2784 474 2834; x_wconf 88' lang='lat' dir='ltr'><strong>autem</strong></span> <span class='ocrx_word' id='word_1_275' title='bbox 491 2781 625 2834; x_wconf 89' lang='lat' dir='ltr'><strong>unitatem</strong></span> <span class='ocrx_word' id='word_1_276' title='bbox 642 2780 735 2860; x_wconf 88' lang='lat' dir='ltr'><strong>populi</strong></span> <span class='ocrx_word' id='word_1_277' title='bbox 753 2781 871 2849; x_wconf 87' lang='lat' dir='ltr'><strong>pertinet</strong></span> <span class='ocrx_word' id='word_1_278' title='bbox 892 2781 976 2835; x_wconf 90' lang='lat' dir='ltr'><strong>ctiam</strong></span> <span class='ocrx_word' id='word_1_279' title='bbox 994 2778 1142 2833; x_wconf 88' lang='lat' dir='ltr'><strong>communis</strong></span> <span class='ocrx_word' id='word_1_280' title='bbox 1161 2778 1272 2833; x_wconf 88' lang='lat' dir='ltr'><strong>deorum</strong></span> <span class='ocrx_word' id='word_1_281' title='bbox 1289 2778 1346 2832; x_wconf 90' lang='lat' dir='ltr'><strong>cul·</strong></span> 
     </span>
     <span class='ocr_line' id='line_1_32' title="bbox 173 2845 1345 2914; baseline 0 -14"><span class='ocrx_word' id='word_1_282' title='bbox 173 2850 229 2911; x_wconf 86' lang='lat' dir='ltr'><strong>tus,</strong></span> <span class='ocrx_word' id='word_1_283' title='bbox 247 2863 275 2899; x_wconf 86' lang='grc' dir='ltr'><strong>ιιι</strong></span> <span class='ocrx_word' id='word_1_284' title='bbox 294 2862 346 2914; x_wconf 91' lang='lat' dir='ltr'><strong>quo</strong></span> <span class='ocrx_word' id='word_1_285' title='bbox 364 2863 424 2901; x_wconf 91' lang='lat' dir='ltr'><strong>cum</strong></span> <span class='ocrx_word' id='word_1_286' title='bbox 442 2847 563 2902; x_wconf 90' lang='lat' dir='ltr'><strong>homines</strong></span> <span class='ocrx_word' id='word_1_287' title='bbox 582 2863 597 2900; x_wconf 92' lang='lat' dir='ltr'><strong>o</strong></span> <span class='ocrx_word' id='word_1_288' title='bbox 616 2847 737 2901; x_wconf 89' lang='lat' dir='ltr'><strong>imonum</strong></span> <span class='ocrx_word' id='word_1_289' title='bbox 756 2863 867 2902; x_wconf 88' lang='lat' dir='ltr'><strong>suarum</strong></span> <span class='ocrx_word' id='word_1_290' title='bbox 885 2850 913 2903; x_wconf 89' lang='lat' dir='ltr'><strong>et</strong></span> <span class='ocrx_word' id='word_1_291' title='bbox 930 2847 1032 2901; x_wconf 88' lang='lat' dir='ltr'><strong>rituum</strong></span> <span class='ocrx_word' id='word_1_292' title='bbox 1050 2845 1214 2900; x_wconf 79' lang='lat' dir='ltr'><strong>tenacissimi</strong></span> <span class='ocrx_word' id='word_1_293' title='bbox 1232 2862 1291 2901; x_wconf 86' lang='lat' dir='ltr'><strong>asse</strong></span> <span class='ocrx_word' id='word_1_294' title='bbox 1303 2862 1345 2900; x_wconf 91' lang='lat' dir='ltr'><strong>so·</strong></span> 
     </span>
     <span class='ocr_line' id='line_1_33' title="bbox 173 2865 1345 2994; baseline -0.001 -27"><span class='ocrx_word' id='word_1_295' title='bbox 173 2913 255 2977; x_wconf 85' lang='lat' dir='ltr'><strong>leant,</strong></span> <span class='ocrx_word' id='word_1_296' title='bbox 282 2913 353 2967; x_wconf 90' lang='lat' dir='ltr'><strong>hunc</strong></span> <span class='ocrx_word' id='word_1_297' title='bbox 371 2931 404 2994; x_wconf 76' lang='lat' dir='ltr'><strong>se</strong></span> <span class='ocrx_word' id='word_1_298' title='bbox 423 2914 532 2994; x_wconf 80' lang='lat' dir='ltr'><strong>ipsum</strong></span> <span class='ocrx_word' id='word_1_299' title='bbox 550 2865 709 2968; x_wconf 70' lang='lat' dir='ltr'><strong>ineditorum</strong></span> <span class='ocrx_word' id='word_1_300' title='bbox 727 2930 786 2969; x_wconf 87' lang='lat' dir='ltr'><strong>esse</strong></span> <span class='ocrx_word' id='word_1_301' title='bbox 804 2914 879 2982; x_wconf 86' lang='lat' dir='ltr'><strong>dicit,</strong></span> <span class='ocrx_word' id='word_1_302' title='bbox 912 2930 965 2983; x_wconf 91' lang='lat' dir='ltr'><strong>quo</strong></span> <span class='ocrx_word' id='word_1_303' title='bbox 983 2913 1092 2980; x_wconf 83' lang='lat' dir='ltr'><strong>efficiat,</strong></span> <span class='ocrx_word' id='word_1_304' title='bbox 1122 2914 1155 2967; x_wconf 93' lang='lat' dir='ltr'><strong>ut</strong></span> <span class='ocrx_word' id='word_1_305' title='bbox 1171 2915 1285 2982; x_wconf 89' lang='lat' dir='ltr'><strong>uterque</strong></span> <span class='ocrx_word' id='word_1_306' title='bbox 1301 2928 1345 2984; x_wconf 91' lang='lat' dir='ltr'><strong>po·</strong></span> 
     </span>
     <span class='ocr_line' id='line_1_34' title="bbox 173 2980 1345 3050; baseline -0.001 -16"><span class='ocrx_word' id='word_1_307' title='bbox 173 2981 263 3050; x_wconf 91' lang='lat' dir='ltr'><strong>pnlus,</strong></span> <span class='ocrx_word' id='word_1_308' title='bbox 293 2984 406 3035; x_wconf 77' lang='lat' dir='ltr'><strong>servata</strong></span> <span class='ocrx_word' id='word_1_309' title='bbox 426 2998 483 3036; x_wconf 85' lang='lat' dir='ltr'><strong>surs</strong></span> <span class='ocrx_word' id='word_1_310' title='bbox 501 2982 594 3043; x_wconf 87' lang='lat' dir='ltr'><strong>sacris,</strong></span> <span class='ocrx_word' id='word_1_311' title='bbox 624 2983 707 3036; x_wconf 89' lang='lat' dir='ltr'><strong>etiam</strong></span> <span class='ocrx_word' id='word_1_312' title='bbox 725 2981 838 3036; x_wconf 85' lang='lat' dir='ltr'><strong>alterius</strong></span> <span class='ocrx_word' id='word_1_313' title='bbox 858 2983 921 3036; x_wconf 89' lang='lat' dir='ltr'><strong>deos</strong></span> <span class='ocrx_word' id='word_1_314' title='bbox 939 2984 967 3034; x_wconf 89' lang='lat' dir='ltr'><strong>et</strong></span> <span class='ocrx_word' id='word_1_315' title='bbox 985 2996 1062 3035; x_wconf 88' lang='lat' dir='ltr'><strong>sacra</strong></span> <span class='ocrx_word' id='word_1_316' title='bbox 1080 2980 1203 3050; x_wconf 79' lang='lat' dir='ltr'><strong>accipiet,</strong></span> <span class='ocrx_word' id='word_1_317' title='bbox 1235 2983 1276 3046; x_wconf 71' lang='lat' dir='ltr'><strong>ut,</strong></span> <span class='ocrx_word' id='word_1_318' title='bbox 1294 2996 1345 3034; x_wconf 87' lang='lat' dir='ltr'><strong>uon</strong></span> 
     </span>
     <span class='ocr_line' id='line_1_35' title="bbox 173 3047 1346 3169; baseline -0.001 -67"><span class='ocrx_word' id='word_1_319' title='bbox 173 3049 276 3103; x_wconf 84' lang='lat' dir='ltr'><strong>violata</strong></span> <span class='ocrx_word' id='word_1_320' title='bbox 294 3050 435 3118; x_wconf 90' lang='lat' dir='ltr'><strong>utriusque</strong></span> <span class='ocrx_word' id='word_1_321' title='bbox 452 3051 543 3120; x_wconf 87' lang='lat' dir='ltr'><strong>gentis</strong></span> <span class='ocrx_word' id='word_1_322' title='bbox 562 3048 711 3113; x_wconf 90' lang='lat' dir='ltr'><strong>eoncordia,</strong></span> <span class='ocrx_word' id='word_1_323' title='bbox 730 3065 790 3103; x_wconf 91' lang='lat' dir='ltr'><strong>cum</strong></span> <span class='ocrx_word' id='word_1_324' title='bbox 809 3050 875 3118; x_wconf 88' lang='lat' dir='ltr'><strong>ipsis</strong></span> <span class='ocrx_word' id='word_1_325' title='bbox 893 3049 999 3169; x_wconf 71' lang='lat' dir='ltr'><strong>populis</strong></span> <span class='ocrx_word' id='word_1_326' title='bbox 1016 3048 1098 3127; x_wconf 76' lang='lat' dir='ltr'><strong>etiam</strong></span> <span class='ocrx_word' id='word_1_327' title='bbox 1116 3063 1193 3102; x_wconf 86' lang='lat' dir='ltr'><strong>sacra</strong></span> <span class='ocrx_word' id='word_1_328' title='bbox 1208 3064 1301 3103; x_wconf 88' lang='lat' dir='ltr'><strong>corum</strong></span> <span class='ocrx_word' id='word_1_329' title='bbox 1319 3047 1346 3101; x_wconf 94' lang='lat' dir='ltr'><strong>in</strong></span> 
     </span>
     <span class='ocr_line' id='line_1_36' title="bbox 174 3115 1346 3180; baseline -0.001 -10"><span class='ocrx_word' id='word_1_330' title='bbox 174 3131 257 3171; x_wconf 87' lang='lat' dir='ltr'><strong>unum</strong></span> <span class='ocrx_word' id='word_1_331' title='bbox 276 3116 437 3171; x_wconf 88' lang='lat' dir='ltr'><strong>coalescant.</strong></span> <span class='ocrx_word' id='word_1_332' title='bbox 472 3118 541 3170; x_wconf 87' lang='lat' dir='ltr'><strong>Cum</strong></span> <span class='ocrx_word' id='word_1_333' title='bbox 562 3119 653 3171; x_wconf 88' lang='lat' dir='ltr'><strong>autem</strong></span> <span class='ocrx_word' id='word_1_334' title='bbox 670 3116 721 3170; x_wconf 91' lang='lat' dir='ltr'><strong>hoc</strong></span> <span class='ocrx_word' id='word_1_335' title='bbox 738 3132 821 3170; x_wconf 90' lang='lat' dir='ltr'><strong>unum</strong></span> <span class='ocrx_word' id='word_1_336' title='bbox 839 3117 884 3180; x_wconf 83' lang='lat' dir='ltr'><strong>sit,</strong></span> <span class='ocrx_word' id='word_1_337' title='bbox 915 3133 933 3170; x_wconf 94' lang='lat' dir='ltr'><strong>u</strong></span> <span class='ocrx_word' id='word_1_338' title='bbox 952 3116 962 3169; x_wconf 93' lang='lat' dir='ltr'><strong>i</strong></span> <span class='ocrx_word' id='word_1_339' title='bbox 980 3115 1072 3169; x_wconf 84' lang='lat' dir='ltr'><strong>Latrm</strong></span> <span class='ocrx_word' id='word_1_340' title='bbox 1089 3131 1106 3169; x_wconf 92' lang='lat' dir='ltr'><strong>a</strong></span> <span class='ocrx_word' id='word_1_341' title='bbox 1123 3115 1246 3169; x_wconf 84' lang='lat' dir='ltr'><strong>Troianis</strong></span> <span class='ocrx_word' id='word_1_342' title='bbox 1262 3115 1346 3169; x_wconf 79' lang='lat' dir='ltr'><strong>vieto-</strong></span> 
     </span>
     <span class='ocr_line' id='line_1_37' title="bbox 174 3182 1346 3254; baseline -0.001 -17"><span class='ocrx_word' id='word_1_343' title='bbox 174 3183 250 3240; x_wconf 88' lang='lat' dir='ltr'><strong>ribus</strong></span> <span class='ocrx_word' id='word_1_344' title='bbox 268 3183 369 3253; x_wconf 90' lang='lat' dir='ltr'><strong>aliquid</strong></span> <span class='ocrx_word' id='word_1_345' title='bbox 389 3185 506 3254; x_wconf 88' lang='lat' dir='ltr'><strong>recipcre</strong></span> <span class='ocrx_word' id='word_1_346' title='bbox 524 3185 649 3249; x_wconf 91' lang='lat' dir='ltr'><strong>debeant,</strong></span> <span class='ocrx_word' id='word_1_347' title='bbox 680 3200 747 3254; x_wconf 90' lang='lat' dir='ltr'><strong>opus</strong></span> <span class='ocrx_word' id='word_1_348' title='bbox 766 3185 816 3250; x_wconf 87' lang='lat' dir='ltr'><strong>est,</strong></span> <span class='ocrx_word' id='word_1_349' title='bbox 848 3186 880 3237; x_wconf 92' lang='lat' dir='ltr'><strong>ut</strong></span> <span class='ocrx_word' id='word_1_350' title='bbox 901 3184 951 3237; x_wconf 89' lang='lat' dir='ltr'><strong>hoe</strong></span> <span class='ocrx_word' id='word_1_351' title='bbox 970 3183 1051 3238; x_wconf 89' lang='lat' dir='ltr'><strong>certis</strong></span> <span class='ocrx_word' id='word_1_352' title='bbox 1068 3182 1164 3249; x_wconf 86' lang='lat' dir='ltr'><strong>verbis,</strong></span> <span class='ocrx_word' id='word_1_353' title='bbox 1195 3183 1250 3238; x_wconf 88' lang='lat' dir='ltr'><strong>etsi</strong></span> <span class='ocrx_word' id='word_1_354' title='bbox 1265 3198 1346 3252; x_wconf 85' lang='lat' dir='ltr'><strong>quam</strong></span> 
     </span>
     <span class='ocr_line' id='line_1_38' title="bbox 172 3251 1346 3321; baseline -0.002 -16"><span class='ocrx_word' id='word_1_355' title='bbox 172 3251 317 3317; x_wconf 86' lang='lat' dir='ltr'><strong>lenissime,</strong></span> <span class='ocrx_word' id='word_1_356' title='bbox 335 3252 437 3321; x_wconf 87' lang='lat' dir='ltr'><strong>Iupiter</strong></span> <span class='ocrx_word' id='word_1_357' title='bbox 454 3252 564 3316; x_wconf 88' lang='lat' dir='ltr'><strong>indicet,</strong></span> <span class='ocrx_word' id='word_1_358' title='bbox 585 3252 622 3306; x_wconf 88' lang='lat' dir='ltr'><strong>sic</strong></span> <span class='ocrx_word' id='word_1_359' title='bbox 643 3268 690 3306; x_wconf 91' lang='lat' dir='ltr'><strong>sue</strong></span> <span class='ocrx_word' id='word_1_360' title='bbox 708 3251 816 3305; x_wconf 80' lang='lat' dir='ltr'><strong>nomme</strong></span> <span class='ocrx_word' id='word_1_361' title='bbox 834 3251 964 3312; x_wconf 85' lang='lat' dir='ltr'><strong>sanciens,</strong></span> <span class='ocrx_word' id='word_1_362' title='bbox 983 3266 1052 3319; x_wconf 91' lang='lat' dir='ltr'><strong>quae</strong></span> <span class='ocrx_word' id='word_1_363' title='bbox 1069 3265 1100 3303; x_wconf 89' lang='lat' dir='ltr'><strong>su</strong></span> <span class='ocrx_word' id='word_1_364' title='bbox 1120 3266 1151 3304; x_wconf 87' lang='lat' dir='ltr'><strong>ra</strong></span> <span class='ocrx_word' id='word_1_365' title='bbox 1170 3266 1196 3304; x_wconf 81' lang='lat' dir='ltr'><strong>r.</strong></span> <span class='ocrx_word' id='word_1_366' title='bbox 1215 3253 1272 3305; x_wconf 78' lang='lat'><strong>19².</strong></span> <span class='ocrx_word' id='word_1_367' title='bbox 1294 3251 1346 3304; x_wconf 78' lang='lat' dir='ltr'><strong>Ae·</strong></span> 
     </span>
     <span class='ocr_line' id='line_1_39' title="bbox 173 3316 1345 3389; baseline -0.003 -16"><span class='ocrx_word' id='word_1_368' title='bbox 173 3334 238 3373; x_wconf 89' lang='lat' dir='ltr'><strong>neas</strong></span> <span class='ocrx_word' id='word_1_369' title='bbox 259 3336 288 3373; x_wconf 91' lang='lat' dir='ltr'><strong>se</strong></span> <span class='ocrx_word' id='word_1_370' title='bbox 305 3320 440 3374; x_wconf 88' lang='lat' dir='ltr'><strong>facturum</strong></span> <span class='ocrx_word' id='word_1_371' title='bbox 460 3320 666 3389; x_wconf 82' lang='lat' dir='ltr'><strong>significaverat.</strong></span> <span class='ocrx_word' id='word_1_372' title='bbox 702 3318 854 3387; x_wconf 83' lang='lat' dir='ltr'><strong>Conington</strong></span> <span class='ocrx_word' id='word_1_373' title='bbox 877 3318 935 3373; x_wconf 93' lang='lat' dir='ltr'><strong>coll.</strong></span> <span class='ocrx_word' id='word_1_374' title='bbox 954 3317 1068 3373; x_wconf 89' lang='lat' dir='ltr'><strong>Prelleri</strong></span> <span class='ocrx_word' id='word_1_375' title='bbox 1116 3322 1165 3371; x_wconf 76' lang='lat' dir='ltr'><strong>o&#39;oa</strong></span> <span class='ocrx_word' id='word_1_376' title='bbox 1184 3316 1302 3387; x_wconf 75' lang='lat' dir='ltr'><strong>Mythol.</strong></span> <span class='ocrx_word' id='word_1_377' title='bbox 1320 3334 1345 3387; x_wconf 93' lang='lat' dir='ltr'><strong>p.</strong></span> 
     </span>
     <span class='ocr_line' id='line_1_40' title="bbox 174 3383 1347 3455; baseline -0.003 -14"><span class='ocrx_word' id='word_1_378' title='bbox 174 3390 231 3441; x_wconf 79' lang='grc'><strong>536.</strong></span> <span class='ocrx_word' id='word_1_379' title='bbox 251 3390 308 3440; x_wconf 82' lang='grc'><strong>548.</strong></span> <span class='ocrx_word' id='word_1_380' title='bbox 337 3388 470 3455; x_wconf 89' lang='lat' dir='ltr'><strong>imprimis</strong></span> <span class='ocrx_word' id='word_1_381' title='bbox 501 3387 534 3441; x_wconf 88' lang='lat' dir='ltr'><strong>dc</strong></span> <span class='ocrx_word' id='word_1_382' title='bbox 559 3386 635 3440; x_wconf 91' lang='lat' dir='ltr'><strong>cultu</strong></span> <span class='ocrx_word' id='word_1_383' title='bbox 653 3387 798 3441; x_wconf 79' lang='lat' dir='ltr'><strong>Penatium</strong></span> <span class='ocrx_word' id='word_1_384' title='bbox 815 3386 991 3440; x_wconf 88' lang='lat' dir='ltr'><strong>Troianomm</strong></span> <span class='ocrx_word' id='word_1_385' title='bbox 1009 3385 1120 3454; x_wconf 85' lang='lat' dir='ltr'><strong>cogitat.</strong></span> <span class='ocrx_word' id='word_1_386' title='bbox 1154 3383 1198 3439; x_wconf 82' lang='lat' dir='ltr'><strong>Sic</strong></span> <span class='ocrx_word' id='word_1_387' title='bbox 1214 3384 1347 3440; x_wconf 84' lang='lat' dir='ltr'><strong>autcmai</strong></span> 
     </span>
     <span class='ocr_line' id='line_1_41' title="bbox 173 3452 1347 3523; baseline -0.003 -16"><span class='ocrx_word' id='word_1_388' title='bbox 173 3453 263 3507; x_wconf 91' lang='lat' dir='ltr'><strong>locum</strong></span> <span class='ocrx_word' id='word_1_389' title='bbox 293 3455 421 3522; x_wconf 83' lang='lat' dir='ltr'><strong>capimus,</strong></span> <span class='ocrx_word' id='word_1_390' title='bbox 451 3470 502 3507; x_wconf 93' lang='lat' dir='ltr'><strong>non</strong></span> <span class='ocrx_word' id='word_1_391' title='bbox 533 3469 599 3523; x_wconf 87' lang='lat' dir='ltr'><strong>opus</strong></span> <span class='ocrx_word' id='word_1_392' title='bbox 630 3456 681 3513; x_wconf 90' lang='lat' dir='ltr'><strong>est,</strong></span> <span class='ocrx_word' id='word_1_393' title='bbox 712 3457 744 3508; x_wconf 93' lang='lat' dir='ltr'><strong>ut</strong></span> <span class='ocrx_word' id='word_1_394' title='bbox 769 3469 801 3508; x_wconf 90' lang='lat' dir='ltr'><strong>ex</strong></span> <span class='ocrx_word' id='word_1_395' title='bbox 817 3453 999 3522; x_wconf 82' lang='lat' dir='ltr'><strong>Peerlkampii</strong></span> <span class='ocrx_word' id='word_1_396' title='bbox 1029 3453 1183 3508; x_wconf 88' lang='lat' dir='ltr'><strong>coniectura</strong></span> <span class='ocrx_word' id='word_1_397' title='bbox 1209 3453 1292 3506; x_wconf 83' lang='lat' dir='ltr'><strong>verba</strong></span> <span class='ocrx_word' id='word_1_398' title='bbox 1309 3452 1347 3504; x_wconf 85' lang='lat' dir='ltr'><strong>sic</strong></span> 
     </span>
     <span class='ocr_line' id='line_1_42' title="bbox 173 3520 1348 3591; baseline -0.001 -17"><span class='ocrx_word' id='word_1_399' title='bbox 173 3522 382 3589; x_wconf 73' lang='lat' dir='ltr'><strong>transponamus</strong></span> <span class='ocrx_word' id='word_1_400' title='bbox 410 3522 548 3574; x_wconf 74' lang='lat' dir='ltr'><strong>commisti</strong></span> <span class='ocrx_word' id='word_1_401' title='bbox 575 3538 692 3591; x_wconf 79' lang='lat' dir='ltr'><strong>corpore</strong></span> <span class='ocrx_word' id='word_1_402' title='bbox 710 3521 813 3575; x_wconf 80' lang='lat' dir='ltr'><strong>Teucri</strong></span> <span class='ocrx_word' id='word_1_403' title='bbox 831 3520 995 3589; x_wconf 74' lang='lat' dir='ltr'><strong>Subsideut5</strong></span> <span class='ocrx_word' id='word_1_404' title='bbox 1024 3527 1128 3574; x_wconf 78' lang='lat' dir='ltr'><strong>tontum</strong></span> <span class='ocrx_word' id='word_1_405' title='bbox 1144 3536 1247 3574; x_wconf 85' lang='lat' dir='ltr'><strong>morem</strong></span> <span class='ocrx_word' id='word_1_406' title='bbox 1266 3520 1348 3573; x_wconf 66' lang='lat' dir='ltr'><strong>rr&#39;ouc</strong></span> 
     </span>
     <span class='ocr_line' id='line_1_43' title="bbox 173 3589 1347 3715; baseline -0.002 -6"><span class='ocrx_word' id='word_1_407' title='bbox 173 3589 748 3657; x_wconf 62' lang='lat' dir='ltr'><em>f</em></span> <span class='ocrx_word' id='word_1_408' title='bbox 901 3629 1142 3715; x_wconf 58' lang='grc' dir='ltr'><strong>ιι</strong></span> <span class='ocrx_word' id='word_1_409' title='bbox 1314 3602 1347 3707; x_wconf 77' lang='lat' dir='ltr'><strong>u</strong></span> 
     </span>
     <span class='ocr_line' id='line_1_44' title="bbox 566 3673 1249 3720; baseline 0 -11"><span class='ocrx_word' id='word_1_410' title='bbox 566 3697 572 3720; x_wconf 89' lang='lat'>‚</span> <span class='ocrx_word' id='word_1_411' title='bbox 603 3679 618 3709; x_wconf 92' lang='grc' dir='ltr'><em>ο</em></span> <span class='ocrx_word' id='word_1_412' title='bbox 695 3678 716 3710; x_wconf 88' lang='grc' dir='ltr'>ω</span> <span class='ocrx_word' id='word_1_413' title='bbox 758 3677 814 3711; x_wconf 88' lang='lat' dir='ltr'><strong>ov.</strong></span> <span class='ocrx_word' id='word_1_414' title='bbox 841 3685 872 3695; x_wconf 93' lang='lat'><strong>—-</strong></span> <span class='ocrx_word' id='word_1_415' title='bbox 958 3700 964 3711; x_wconf 87' lang='lat'>.</span> <span class='ocrx_word' id='word_1_416' title='bbox 1198 3699 1204 3711; x_wconf 91' lang='lat'>.</span> <span class='ocrx_word' id='word_1_417' title='bbox 1235 3673 1249 3709; x_wconf 81' lang='lat' dir='ltr'><strong>a</strong></span> 
     </span>
     <span class='ocr_line' id='line_1_45' title="bbox 173 3670 1348 3794; baseline 0 -19"><span class='ocrx_word' id='word_1_418' title='bbox 173 3722 288 3777; x_wconf 87' lang='lat' dir='ltr'><strong>Comma</strong></span> <span class='ocrx_word' id='word_1_419' title='bbox 315 3723 394 3791; x_wconf 83' lang='lat' dir='ltr'><strong>vulgo</strong></span> <span class='ocrx_word' id='word_1_420' title='bbox 418 3726 481 3794; x_wconf 90' lang='lat' dir='ltr'><strong>post</strong></span> <span class='ocrx_word' id='word_1_421' title='bbox 496 3740 580 3791; x_wconf 73' lang='lat' dir='ltr'><strong>penus</strong></span> <span class='ocrx_word' id='word_1_422' title='bbox 597 3676 725 3793; x_wconf 57' lang='lat' dir='ltr'><strong>eddium,</strong></span> <span class='ocrx_word' id='word_1_423' title='bbox 754 3676 815 3778; x_wconf 74' lang='lat' dir='ltr'><strong>cudi</strong></span> <span class='ocrx_word' id='word_1_424' title='bbox 835 3723 916 3778; x_wconf 82' lang='lat' dir='ltr'><strong>verba</strong></span> <span class='ocrx_word' id='word_1_425' title='bbox 935 3723 973 3777; x_wconf 90' lang='lat' dir='ltr'><strong>sic</strong></span> <span class='ocrx_word' id='word_1_426' title='bbox 990 3670 1272 3791; x_wconf 59' lang='lat' dir='ltr'><strong>cohaereanizgnqood</strong></span> <span class='ocrx_word' id='word_1_427' title='bbox 1286 3722 1348 3775; x_wconf 63' lang='lat' dir='ltr'><strong>aaa</strong></span> 
     </span>
     <span class='ocr_line' id='line_1_46' title="bbox 172 3788 1347 3861; baseline -0.001 -17"><span class='ocrx_word' id='word_1_428' title='bbox 172 3798 264 3858; x_wconf 71' lang='lat' dir='ltr'><strong>carpet</strong></span> <span class='ocrx_word' id='word_1_429' title='bbox 291 3808 382 3859; x_wconf 77' lang='lat' dir='ltr'><strong>penus.</strong></span> <span class='ocrx_word' id='word_1_430' title='bbox 401 3822 434 3830; x_wconf 94' lang='lat'><strong>—</strong></span> <span class='ocrx_word' id='word_1_431' title='bbox 451 3792 724 3861; x_wconf 76' lang='lat' dir='ltr'><strong>penaeAuaoaio</strong></span> <span class='ocrx_word' id='word_1_432' title='bbox 755 3792 889 3845; x_wconf 77' lang='lat' dir='ltr'><strong>mictum</strong></span> <span class='ocrx_word' id='word_1_433' title='bbox 916 3791 1086 3858; x_wconf 79' lang='lat' dir='ltr'><strong>caupuiue.</strong></span> <span class='ocrx_word' id='word_1_434' title='bbox 1121 3788 1165 3842; x_wconf 81' lang='lat' dir='ltr'><strong>Cf.</strong></span> <span class='ocrx_word' id='word_1_435' title='bbox 1187 3789 1294 3844; x_wconf 82' lang='lat' dir='ltr'><strong>adnott.</strong></span> <span class='ocrx_word' id='word_1_436' title='bbox 1312 3788 1347 3843; x_wconf 78' lang='lat' dir='ltr'><strong>ad</strong></span> 
     </span>
     <span class='ocr_line' id='line_1_47' title="bbox 173 3855 1349 3936; baseline -0.002 -24"><span class='ocrx_word' id='word_1_437' title='bbox 173 3857 221 3924; x_wconf 86' lang='lat' dir='ltr'><strong>VI,</strong></span> <span class='ocrx_word' id='word_1_438' title='bbox 240 3860 297 3911; x_wconf 75' lang='lat'><strong>727.</strong></span> <span class='ocrx_word' id='word_1_439' title='bbox 315 3891 348 3899; x_wconf 90' lang='lat'><em>-</em></span> <span class='ocrx_word' id='word_1_440' title='bbox 366 3858 430 3920; x_wconf 80' lang='grc'>839·</span> <span class='ocrx_word' id='word_1_441' title='bbox 450 3876 575 3929; x_wconf 78' lang='lat' dir='ltr'><strong>„cupra</strong></span> <span class='ocrx_word' id='word_1_442' title='bbox 592 3860 642 3912; x_wconf 80' lang='lat' dir='ltr'><strong>ire</strong></span> <span class='ocrx_word' id='word_1_443' title='bbox 659 3863 741 3913; x_wconf 83' lang='lat' dir='ltr'><strong>deca</strong></span> <span class='ocrx_word' id='word_1_444' title='bbox 754 3859 896 3929; x_wconf 77' lang='lat' dir='ltr'><strong>pc&#39;etatc,</strong></span> <span class='ocrx_word' id='word_1_445' title='bbox 915 3858 943 3912; x_wconf 91' lang='lat' dir='ltr'><strong>h.</strong></span> <span class='ocrx_word' id='word_1_446' title='bbox 962 3874 984 3911; x_wconf 92' lang='lat' dir='ltr'><strong>e.</strong></span> <span class='ocrx_word' id='word_1_447' title='bbox 1003 3856 1070 3911; x_wconf 89' lang='lat' dir='ltr'><strong>iusti</strong></span> <span class='ocrx_word' id='word_1_448' title='bbox 1086 3855 1206 3936; x_wconf 77' lang='lat' dir='ltr'><strong>rectique</strong></span> <span class='ocrx_word' id='word_1_449' title='bbox 1222 3857 1349 3926; x_wconf 87' lang='lat' dir='ltr'><strong>religiosa</strong></span> 
     </span>
     <span class='ocr_line' id='line_1_48' title="bbox 174 3923 1349 3996; baseline -0.002 -17"><span class='ocrx_word' id='word_1_450' title='bbox 174 3925 353 3993; x_wconf 74' lang='lat' dir='ltr'><strong>observantia,</strong></span> <span class='ocrx_word' id='word_1_451' title='bbox 402 3943 430 3981; x_wconf 91' lang='lat' dir='ltr'><strong>er</strong></span> <span class='ocrx_word' id='word_1_452' title='bbox 453 3927 582 3996; x_wconf 90' lang='lat' dir='ltr'><strong>pictatem</strong></span> <span class='ocrx_word' id='word_1_453' title='bbox 602 3925 733 3980; x_wconf 90' lang='lat' dir='ltr'><strong>declarari</strong></span> <span class='ocrx_word' id='word_1_454' title='bbox 751 3926 840 3988; x_wconf 87' lang='lat' dir='ltr'><strong>solita,</strong></span> <span class='ocrx_word' id='word_1_455' title='bbox 871 3927 952 3980; x_wconf 88' lang='lat' dir='ltr'><strong>etiam</strong></span> <span class='ocrx_word' id='word_1_456' title='bbox 971 3925 998 3978; x_wconf 91' lang='lat' dir='ltr'><strong>iu</strong></span> <span class='ocrx_word' id='word_1_457' title='bbox 1017 3925 1078 3979; x_wconf 87' lang='lat' dir='ltr'><strong>diis.</strong></span> <span class='ocrx_word' id='word_1_458' title='bbox 1112 3923 1172 3977; x_wconf 77' lang='lat' dir='ltr'><strong>utu</strong></span> <span class='ocrx_word' id='word_1_459' title='bbox 1190 3923 1234 3978; x_wconf 85' lang='lat' dir='ltr'><strong>vel</strong></span> <span class='ocrx_word' id='word_1_460' title='bbox 1251 3923 1291 3978; x_wconf 88' lang='lat' dir='ltr'><strong>sic</strong></span> <span class='ocrx_word' id='word_1_461' title='bbox 1307 3924 1349 3977; x_wconf 79' lang='lat' dir='ltr'><strong>a&#39;ra</strong></span> 
     </span>
     <span class='ocr_line' id='line_1_49' title="bbox 172 3996 1350 4141; baseline -0.003 -25"><span class='ocrx_word' id='word_1_462' title='bbox 172 3996 541 4117; x_wconf 49' lang='lat' dir='ltr'><strong>iialixias‘didiriauiosiriuioc</strong></span> <span class='ocrx_word' id='word_1_463' title='bbox 571 4066 695 4129; x_wconf 84' lang='lat' dir='ltr'><strong>genere.“</strong></span> <span class='ocrx_word' id='word_1_464' title='bbox 730 4062 804 4116; x_wconf 86' lang='lat' dir='ltr'><strong>Haec</strong></span> <span class='ocrx_word' id='word_1_465' title='bbox 831 4061 887 4115; x_wconf 82' lang='lat' dir='ltr'><strong>iere</strong></span> <span class='ocrx_word' id='word_1_466' title='bbox 905 4062 1005 4141; x_wconf 68' lang='lat' dir='ltr'><strong>Repu,</strong></span> <span class='ocrx_word' id='word_1_467' title='bbox 1037 4060 1079 4114; x_wconf 91' lang='lat' dir='ltr'><strong>cui</strong></span> <span class='ocrx_word' id='word_1_468' title='bbox 1106 4059 1178 4114; x_wconf 89' lang='lat' dir='ltr'><strong>recte</strong></span> <span class='ocrx_word' id='word_1_469' title='bbox 1196 4008 1350 4114; x_wconf 68' lang='lat' dir='ltr'><strong>adsentitur</strong></span> 
     </span>
     <span class='ocr_line' id='line_1_50' title="bbox 172 4125 1348 4251; baseline -0.003 -68"><span class='ocrx_word' id='word_1_470' title='bbox 172 4128 277 4251; x_wconf 49' lang='lat' dir='ltr'><strong>Qu,</strong></span> <span class='ocrx_word' id='word_1_471' title='bbox 305 4146 453 4250; x_wconf 84' lang='lat' dir='ltr'><strong>provocans</strong></span> <span class='ocrx_word' id='word_1_472' title='bbox 484 4129 519 4184; x_wconf 90' lang='lat' dir='ltr'><strong>ad</strong></span> <span class='ocrx_word' id='word_1_473' title='bbox 546 4128 645 4207; x_wconf 81' lang='lat' dir='ltr'><strong>Catull.</strong></span> <span class='ocrx_word' id='word_1_474' title='bbox 670 4128 716 4191; x_wconf 88' lang='lat' dir='ltr'><strong>LI,</strong></span> <span class='ocrx_word' id='word_1_475' title='bbox 738 4133 748 4182; x_wconf 88' lang='lat'>1</span> <span class='ocrx_word' id='word_1_476' title='bbox 769 4145 827 4198; x_wconf 87' lang='lat' dir='ltr'><strong>sqq.</strong></span> <span class='ocrx_word' id='word_1_477' title='bbox 857 4129 997 4207; x_wconf 29' lang='lat' dir='ltr'><strong>ctnsdrum</strong></span> <span class='ocrx_word' id='word_1_478' title='bbox 1016 4128 1038 4189; x_wconf 88' lang='lat'><strong>1,</strong></span> <span class='ocrx_word' id='word_1_479' title='bbox 1060 4130 1119 4206; x_wconf 70' lang='grc'><strong>1111.</strong></span> <span class='ocrx_word' id='word_1_480' title='bbox 1146 4125 1348 4188; x_wconf 76' lang='lat' dir='ltr'><strong>V1,1aa.4lo.</strong></span> 
     </span>
     <span class='ocr_line' id='line_1_51' title="bbox 173 4198 1350 4344; baseline -0.003 -26"><span class='ocrx_word' id='word_1_481' title='bbox 173 4264 215 4344; x_wconf 79' lang='lat' dir='ltr'><strong>er.</strong></span> <span class='ocrx_word' id='word_1_482' title='bbox 248 4201 345 4318; x_wconf 56' lang='lat' dir='ltr'><strong>’otini‘</strong></span> <span class='ocrx_word' id='word_1_483' title='bbox 361 4198 494 4331; x_wconf 34' lang='lat' dir='ltr'><strong>xiiiia</strong></span> <span class='ocrx_word' id='word_1_484' title='bbox 504 4198 638 4332; x_wconf 50' lang='lat' dir='ltr'><strong>&#39;‘iil&#39;fmff’</strong></span> <span class='ocrx_word' id='word_1_485' title='bbox 661 4214 735 4324; x_wconf 58' lang='lat' dir='ltr'><strong>iiii</strong></span> <span class='ocrx_word' id='word_1_486' title='bbox 735 4215 753 4249; x_wconf 74' lang='lat'><em>⁰</em></span> <span class='ocrx_word' id='word_1_487' title='bbox 761 4198 933 4343; x_wconf 56' lang='lat' dir='ltr'><strong>ni⁶s³1⁸in0iie</strong></span> <span class='ocrx_word' id='word_1_488' title='bbox 941 4209 1220 4332; x_wconf 48' lang='lat' dir='ltr'><strong>eflppppnofflpppp</strong></span> <span class='ocrx_word' id='word_1_489' title='bbox 1233 4210 1350 4341; x_wconf 42' lang='lat' dir='ltr'><strong>dinei?</strong></span> 
     </span>
     <span class='ocr_line' id='line_1_52' title="bbox 172 4330 1351 4398; baseline -0.002 -14"><span class='ocrx_word' id='word_1_490' title='bbox 172 4348 239 4386; x_wconf 77' lang='lat' dir='ltr'><strong>sume</strong></span> <span class='ocrx_word' id='word_1_491' title='bbox 272 4333 358 4396; x_wconf 83' lang='lat' dir='ltr'><strong>culta,</strong></span> <span class='ocrx_word' id='word_1_492' title='bbox 390 4333 465 4386; x_wconf 88' lang='lat' dir='ltr'><strong>cuius</strong></span> <span class='ocrx_word' id='word_1_493' title='bbox 497 4330 628 4398; x_wconf 88' lang='lat' dir='ltr'><strong>templum</strong></span> <span class='ocrx_word' id='word_1_494' title='bbox 664 4348 691 4385; x_wconf 90' lang='lat' dir='ltr'><strong>m</strong></span> <span class='ocrx_word' id='word_1_495' title='bbox 729 4332 861 4385; x_wconf 75' lang='lat' dir='ltr'><strong>Aventino</strong></span> <span class='ocrx_word' id='word_1_496' title='bbox 895 4333 979 4384; x_wconf 76' lang='lat' dir='ltr'><strong>sutum</strong></span> <span class='ocrx_word' id='word_1_497' title='bbox 1011 4331 1035 4384; x_wconf 77' lang='lat' dir='ltr'>A</span> <span class='ocrx_word' id='word_1_498' title='bbox 1073 4331 1151 4383; x_wconf 88' lang='lat' dir='ltr'><strong>ustus</strong></span> <span class='ocrx_word' id='word_1_499' title='bbox 1184 4330 1351 4384; x_wconf 80' lang='lat' dir='ltr'><strong>restaurant</strong></span> 
     </span>
     <span class='ocr_line' id='line_1_53' title="bbox 173 4396 1350 4468; baseline -0.001 -17"><span class='ocrx_word' id='word_1_500' title='bbox 173 4398 241 4466; x_wconf 71' lang='lat' dir='ltr'><strong>(Iriv.</strong></span> <span class='ocrx_word' id='word_1_501' title='bbox 276 4400 311 4461; x_wconf 83' lang='lat' dir='ltr'><strong>V,</strong></span> <span class='ocrx_word' id='word_1_502' title='bbox 343 4403 373 4454; x_wconf 81' lang='lat'><strong>21</strong></span> <span class='ocrx_word' id='word_1_503' title='bbox 409 4416 447 4468; x_wconf 86' lang='lat' dir='ltr'><strong>sq.</strong></span> <span class='ocrx_word' id='word_1_504' title='bbox 484 4401 512 4452; x_wconf 90' lang='lat' dir='ltr'><strong>et</strong></span> <span class='ocrx_word' id='word_1_505' title='bbox 545 4399 662 4452; x_wconf 84' lang='lat' dir='ltr'><strong>Menum.</strong></span> <span class='ocrx_word' id='word_1_506' title='bbox 697 4399 794 4468; x_wconf 84' lang='lat' dir='ltr'><strong>Ancyr.</strong></span> <span class='ocrx_word' id='word_1_507' title='bbox 825 4397 868 4452; x_wconf 90' lang='lat' dir='ltr'><strong>IV.</strong></span> <span class='ocrx_word' id='word_1_508' title='bbox 904 4414 925 4454; x_wconf 93' lang='lat' dir='ltr'><strong>c.</strong></span> <span class='ocrx_word' id='word_1_509' title='bbox 961 4402 1000 4451; x_wconf 86' lang='grc'><strong>19.</strong></span> <span class='ocrx_word' id='word_1_510' title='bbox 1063 4398 1183 4462; x_wconf 79' lang='lat' dir='ltr'><strong>omma),</strong></span> <span class='ocrx_word' id='word_1_511' title='bbox 1219 4412 1272 4466; x_wconf 90' lang='lat' dir='ltr'><strong>quo</strong></span> <span class='ocrx_word' id='word_1_512' title='bbox 1305 4396 1350 4450; x_wconf 89' lang='lat' dir='ltr'><strong>hic</strong></span> 
     </span>
     <span class='ocr_line' id='line_1_54' title="bbox 172 4463 1349 4584; baseline -0.001 -65"><span class='ocrx_word' id='word_1_513' title='bbox 172 4469 281 4584; x_wconf 89' lang='lat' dir='ltr'><strong>poetam</strong></span> <span class='ocrx_word' id='word_1_514' title='bbox 310 4467 429 4521; x_wconf 83' lang='lat' dir='ltr'><strong>alludere</strong></span> <span class='ocrx_word' id='word_1_515' title='bbox 459 4468 550 4521; x_wconf 87' lang='lat' dir='ltr'><strong>censet</strong></span> <span class='ocrx_word' id='word_1_516' title='bbox 576 4466 741 4535; x_wconf 82' lang='lat' dir='ltr'><strong>Conington,</strong></span> <span class='ocrx_word' id='word_1_517' title='bbox 772 4466 826 4521; x_wconf 83' lang='lat' dir='ltr'><strong>vid.</strong></span> <span class='ocrx_word' id='word_1_518' title='bbox 855 4465 931 4519; x_wconf 82' lang='lat' dir='ltr'><strong>ovio.</strong></span> <span class='ocrx_word' id='word_1_519' title='bbox 962 4466 1036 4522; x_wconf 80' lang='lat' dir='ltr'><strong>Faet.</strong></span> <span class='ocrx_word' id='word_1_520' title='bbox 1064 4464 1111 4526; x_wconf 90' lang='lat' dir='ltr'><strong>VI,</strong></span> <span class='ocrx_word' id='word_1_521' title='bbox 1139 4467 1167 4517; x_wconf 84' lang='lat'><strong>51</strong></span> <span class='ocrx_word' id='word_1_522' title='bbox 1201 4480 1258 4534; x_wconf 85' lang='lat' dir='ltr'><strong>sqq.</strong></span> <span class='ocrx_word' id='word_1_523' title='bbox 1289 4463 1349 4518; x_wconf 81' lang='lat' dir='ltr'><strong>Liv.</strong></span> 
     </span>
     <span class='ocr_line' id='line_1_55' title="bbox 185 4532 1352 4597; baseline -0.001 -12"><span class='ocrx_word' id='word_1_524' title='bbox 185 4532 228 4586; x_wconf 90' lang='lat' dir='ltr'><strong>.l.</strong></span> <span class='ocrx_word' id='word_1_525' title='bbox 260 4537 287 4586; x_wconf 87' lang='lat' dir='ltr'><strong>et</strong></span> <span class='ocrx_word' id='word_1_526' title='bbox 315 4535 402 4596; x_wconf 84' lang='lat' dir='ltr'><strong>XXII,</strong></span> <span class='ocrx_word' id='word_1_527' title='bbox 428 4539 448 4588; x_wconf 90' lang='grc'><strong>1.</strong></span> <span class='ocrx_word' id='word_1_528' title='bbox 478 4535 544 4588; x_wconf 90' lang='lat' dir='ltr'><strong>alios</strong></span> <span class='ocrx_word' id='word_1_529' title='bbox 574 4536 602 4588; x_wconf 90' lang='lat' dir='ltr'><strong>et</strong></span> <span class='ocrx_word' id='word_1_530' title='bbox 632 4533 666 4588; x_wconf 80' lang='lat' dir='ltr'><strong>cf.</strong></span> <span class='ocrx_word' id='word_1_531' title='bbox 695 4535 759 4589; x_wconf 80' lang='lat' dir='ltr'><strong>Aen.</strong></span> <span class='ocrx_word' id='word_1_532' title='bbox 790 4534 812 4597; x_wconf 90' lang='lat'><strong>1,</strong></span> <span class='ocrx_word' id='word_1_533' title='bbox 842 4538 883 4588; x_wconf 81' lang='grc'><strong>16.</strong></span> <span class='ocrx_word' id='word_1_534' title='bbox 902 4564 931 4573; x_wconf 91' lang='grc'>-</span> <span class='ocrx_word' id='word_1_535' title='bbox 951 4532 1014 4592; x_wconf 84' lang='grc'><strong>841.</strong></span> <span class='ocrx_word' id='word_1_536' title='bbox 1045 4539 1178 4585; x_wconf 80' lang='lat' dir='ltr'><strong>mentem</strong></span> <span class='ocrx_word' id='word_1_537' title='bbox 1205 4532 1352 4587; x_wconf 75' lang='lat' dir='ltr'><strong>retorsit</strong></span> 
     </span>
     <span class='ocr_line' id='line_1_56' title="bbox 173 4598 1350 4671; baseline 0.002 -19"><span class='ocrx_word' id='word_1_538' title='bbox 173 4599 258 4668; x_wconf 81' lang='lat' dir='ltr'><strong>Heyn.</strong></span> <span class='ocrx_word' id='word_1_539' title='bbox 295 4605 368 4656; x_wconf 88' lang='lat' dir='ltr'><strong>recte</strong></span> <span class='ocrx_word' id='word_1_540' title='bbox 401 4602 597 4671; x_wconf 86' lang='lat' dir='ltr'><strong>iuterpretatur</strong></span> <span class='ocrx_word' id='word_1_541' title='bbox 632 4618 691 4671; x_wconf 90' lang='lat' dir='ltr'><strong>per:</strong></span> <span class='ocrx_word' id='word_1_542' title='bbox 723 4601 840 4664; x_wconf 84' lang='lat' dir='ltr'><strong>inflexit,</strong></span> <span class='ocrx_word' id='word_1_543' title='bbox 875 4601 1005 4664; x_wconf 82' lang='lat' dir='ltr'><strong>mutavit,</strong></span> <span class='ocrx_word' id='word_1_544' title='bbox 1040 4615 1198 4668; x_wconf 85' lang='lat' dir='ltr'><strong>comparans</strong></span> <span class='ocrx_word' id='word_1_545' title='bbox 1228 4598 1350 4654; x_wconf 85' lang='lat' dir='ltr'><strong>Homeri·</strong></span> 
     </span>
     <span class='ocr_line' id='line_1_57' title="bbox 172 4666 1350 4741; baseline 0.002 -21"><span class='ocrx_word' id='word_1_546' title='bbox 172 4680 233 4720; x_wconf 87' lang='lat' dir='ltr'><strong>cum</strong></span> <span class='ocrx_word' id='word_1_547' title='bbox 261 4674 469 4741; x_wconf 72' lang='grc' dir='ltr'><strong>μεταστρέφειν</strong></span> <span class='ocrx_word' id='word_1_548' title='bbox 498 4674 565 4727; x_wconf 79' lang='grc' dir='ltr'><em>νοῦν</em></span> <span class='ocrx_word' id='word_1_549' title='bbox 593 4669 635 4738; x_wconf 92' lang='lat' dir='ltr'><strong>(Il.</strong></span> <span class='ocrx_word' id='word_1_550' title='bbox 661 4668 720 4732; x_wconf 85' lang='lat' dir='ltr'><strong>XV,</strong></span> <span class='ocrx_word' id='word_1_551' title='bbox 744 4673 786 4722; x_wconf 81' lang='lat'><strong>52.</strong></span> <span class='ocrx_word' id='word_1_552' title='bbox 817 4671 845 4724; x_wconf 92' lang='lat' dir='ltr'><strong>et</strong></span> <span class='ocrx_word' id='word_1_553' title='bbox 875 4669 932 4736; x_wconf 88' lang='lat' dir='ltr'><strong>ul.).</strong></span> <span class='ocrx_word' id='word_1_554' title='bbox 951 4667 1143 4735; x_wconf 82' lang='lat' dir='ltr'><strong>-laetcta,</strong></span> <span class='ocrx_word' id='word_1_555' title='bbox 1174 4666 1256 4738; x_wconf 75' lang='lat' dir='ltr'><strong>quod,</strong></span> <span class='ocrx_word' id='word_1_556' title='bbox 1288 4683 1350 4722; x_wconf 87' lang='lat' dir='ltr'><strong>cum</strong></span> 
     </span>
    </p>
   </div>
   <div class='ocr_carea' id='block_1_6' title="bbox 507 3992 1350 4063">
    <p class='ocr_par' dir='ltr' id='par_1_8' title="bbox 507 3992 1350 4063">
     <span class='ocr_line' id='line_1_58' title="bbox 507 3992 1350 4063; baseline -0.004 -14"><span class='ocrx_word' id='word_1_557' title='bbox 507 4011 590 4060; x_wconf 77' lang='lat' dir='ltr'><strong>erare,</strong></span> <span class='ocrx_word' id='word_1_558' title='bbox 608 4010 661 4047; x_wconf 92' lang='lat' dir='ltr'><strong>uon</strong></span> <span class='ocrx_word' id='word_1_559' title='bbox 679 3997 721 4048; x_wconf 90' lang='lat' dir='ltr'><strong>est</strong></span> <span class='ocrx_word' id='word_1_560' title='bbox 737 3993 903 4063; x_wconf 85' lang='lat' dir='ltr'><strong>urgendum:</strong></span> <span class='ocrx_word' id='word_1_561' title='bbox 928 3993 1064 4063; x_wconf 84' lang='lat' dir='ltr'><strong>significat</strong></span> <span class='ocrx_word' id='word_1_562' title='bbox 1080 3992 1188 4046; x_wconf 84' lang='lat' dir='ltr'><strong>tantum</strong></span> <span class='ocrx_word' id='word_1_563' title='bbox 1227 3992 1350 4046; x_wconf 69' lang='lat' dir='ltr'><strong>mertam</strong></span> 
     </span>
    </p>
   </div>
   <div class='ocr_carea' id='block_1_7' title="bbox 0 0 1449 5070">
    <p class='ocr_par' dir='ltr' id='par_1_9' title="bbox 0 0 1449 5070">
     <span class='ocr_line' id='line_1_59' title="bbox 0 0 1449 5070; baseline 0 0"><span class='ocrx_word' id='word_1_564' title='bbox 0 0 1449 5070; x_wconf 95' lang='lat' dir='ltr'><strong> </strong></span> 
     </span>
    </p>
   </div>
  </div>
 </body>
</html>
