<?xml version="1.0" encoding="UTF-8"?>
<!DOCTYPE html PUBLIC "-//W3C//DTD XHTML 1.0 Transitional//EN"
    "http://www.w3.org/TR/xhtml1/DTD/xhtml1-transitional.dtd">
<html xmlns="http://www.w3.org/1999/xhtml" xml:lang="en" lang="en">
 <head>
  <title>
</title>
<meta http-equiv="Content-Type" content="text/html;charset=utf-8" />
  <meta name='ocr-system' content='tesseract 3.04.00' />
  <meta name='ocr-capabilities' content='ocr_page ocr_carea ocr_par ocr_line ocrx_word'/>
</head>
<body>
  <div class='ocr_page' id='page_1' title='image "./pvirgilimaronis00forbgoog_0566.png"; bbox 0 0 2872 5070; ppageno 0'>
   <div class='ocr_carea' id='block_1_1' title="bbox 125 256 952 368">
    <p class='ocr_par' dir='ltr' id='par_1_1' title="bbox 125 256 952 368">
     <span class='ocr_line' id='line_1_1' title="bbox 125 256 952 368; baseline -0.008 -39"><span class='ocrx_word' id='word_1_1' title='bbox 125 267 185 329; x_wconf 81' lang='lat'><strong>524</strong></span> <span class='ocrx_word' id='word_1_2' title='bbox 286 355 290 368; x_wconf 23' lang='grc' dir='ltr'>ἱ</span> <span class='ocrx_word' id='word_1_3' title='bbox 470 261 506 325; x_wconf 93' lang='grc' dir='ltr'><strong>Ρ.</strong></span> <span class='ocrx_word' id='word_1_4' title='bbox 549 259 734 326; x_wconf 78' lang='lat' dir='ltr'>VERGILI</span> <span class='ocrx_word' id='word_1_5' title='bbox 754 256 952 323; x_wconf 86' lang='lat' dir='ltr'><strong>MARONIS</strong></span> 
     </span>
    </p>
   </div>
   <div class='ocr_carea' id='block_1_2' title="bbox 124 423 1308 1760">
    <p class='ocr_par' dir='ltr' id='par_1_2' title="bbox 124 423 1039 681">
     <span class='ocr_line' id='line_1_2' title="bbox 124 423 1039 512; baseline -0.005 -18"><span class='ocrx_word' id='word_1_6' title='bbox 124 429 266 495; x_wconf 81' lang='lat' dir='ltr'><strong>Nuntius</strong></span> <span class='ocrx_word' id='word_1_7' title='bbox 288 436 320 493; x_wconf 91' lang='lat' dir='ltr'><strong>et</strong></span> <span class='ocrx_word' id='word_1_8' title='bbox 340 427 451 492; x_wconf 84' lang='lat' dir='ltr'><strong>iuveni</strong></span> <span class='ocrx_word' id='word_1_9' title='bbox 472 427 636 512; x_wconf 86' lang='lat' dir='ltr'><strong>ingentem</strong></span> <span class='ocrx_word' id='word_1_10' title='bbox 657 425 721 491; x_wconf 88' lang='lat' dir='ltr'><strong>fert</strong></span> <span class='ocrx_word' id='word_1_11' title='bbox 743 424 833 490; x_wconf 87' lang='lat' dir='ltr'><strong>Acca</strong></span> <span class='ocrx_word' id='word_1_12' title='bbox 854 423 1039 489; x_wconf 89' lang='lat' dir='ltr'><strong>tumultum:</strong></span> 
     </span>
     <span class='ocr_line' id='line_1_3' title="bbox 125 505 984 593; baseline -0.008 -16"><span class='ocrx_word' id='word_1_13' title='bbox 125 510 262 578; x_wconf 82' lang='lat' dir='ltr'><strong>Deletae</strong></span> <span class='ocrx_word' id='word_1_14' title='bbox 283 509 476 576; x_wconf 88' lang='lat' dir='ltr'><strong>Volscorum</strong></span> <span class='ocrx_word' id='word_1_15' title='bbox 499 511 597 593; x_wconf 86' lang='lat' dir='ltr'><strong>acies,</strong></span> <span class='ocrx_word' id='word_1_16' title='bbox 621 508 779 574; x_wconf 89' lang='lat' dir='ltr'><strong>cecidisse</strong></span> <span class='ocrx_word' id='word_1_17' title='bbox 803 505 984 588; x_wconf 81' lang='lat' dir='ltr'><strong>Camillam,</strong></span> 
     </span>
     <span class='ocr_line' id='line_1_4' title="bbox 125 588 915 681; baseline -0.009 -20"><span class='ocrx_word' id='word_1_18' title='bbox 125 595 282 681; x_wconf 85' lang='lat' dir='ltr'><strong>Ingruere</strong></span> <span class='ocrx_word' id='word_1_19' title='bbox 303 595 447 659; x_wconf 85' lang='lat' dir='ltr'><strong>infensos</strong></span> <span class='ocrx_word' id='word_1_20' title='bbox 469 593 571 658; x_wconf 87' lang='lat' dir='ltr'><strong>hostis</strong></span> <span class='ocrx_word' id='word_1_21' title='bbox 593 600 625 656; x_wconf 89' lang='lat' dir='ltr'><strong>et</strong></span> <span class='ocrx_word' id='word_1_22' title='bbox 645 591 752 657; x_wconf 91' lang='lat' dir='ltr'><strong>Marte</strong></span> <span class='ocrx_word' id='word_1_23' title='bbox 773 588 915 655; x_wconf 91' lang='lat' dir='ltr'><strong>secundo</strong></span> 
     </span>
    </p>

    <p class='ocr_par' dir='ltr' id='par_1_3' title="bbox 125 671 1308 927">
     <span class='ocr_line' id='line_1_5' title="bbox 126 671 1308 762; baseline -0.006 -19"><span class='ocrx_word' id='word_1_24' title='bbox 126 679 247 744; x_wconf 90' lang='lat' dir='ltr'><strong>Omnia</strong></span> <span class='ocrx_word' id='word_1_25' title='bbox 269 677 475 762; x_wconf 87' lang='lat' dir='ltr'><strong>corripuisse,</strong></span> <span class='ocrx_word' id='word_1_26' title='bbox 497 685 618 741; x_wconf 93' lang='lat' dir='ltr'><strong>metum</strong></span> <span class='ocrx_word' id='word_1_27' title='bbox 638 676 704 741; x_wconf 89' lang='lat' dir='ltr'><strong>iam</strong></span> <span class='ocrx_word' id='word_1_28' title='bbox 727 674 770 740; x_wconf 92' lang='lat' dir='ltr'><strong>ad</strong></span> <span class='ocrx_word' id='word_1_29' title='bbox 792 675 920 738; x_wconf 92' lang='lat' dir='ltr'><strong>moenia</strong></span> <span class='ocrx_word' id='word_1_30' title='bbox 940 671 1029 738; x_wconf 89' lang='lat' dir='ltr'><strong>ferri.</strong></span> <span class='ocrx_word' id='word_1_31' title='bbox 1252 686 1308 736; x_wconf 83' lang='lat'><strong>900</strong></span> 
     </span>
     <span class='ocr_line' id='line_1_6' title="bbox 125 757 1105 842; baseline -0.005 -16"><span class='ocrx_word' id='word_1_32' title='bbox 125 760 184 827; x_wconf 92' lang='lat' dir='ltr'><strong>Ille</strong></span> <span class='ocrx_word' id='word_1_33' title='bbox 205 762 315 825; x_wconf 85' lang='lat' dir='ltr'><strong>furens</strong></span> <span class='ocrx_word' id='word_1_34' title='bbox 337 768 430 824; x_wconf 91' lang='lat' dir='ltr'><strong>—et</strong></span> <span class='ocrx_word' id='word_1_35' title='bbox 451 782 550 824; x_wconf 88' lang='lat' dir='ltr'><strong>saeva</strong></span> <span class='ocrx_word' id='word_1_36' title='bbox 571 757 659 823; x_wconf 86' lang='lat' dir='ltr'><strong>Iovis</strong></span> <span class='ocrx_word' id='word_1_37' title='bbox 682 759 730 823; x_wconf 90' lang='lat' dir='ltr'><strong>sio</strong></span> <span class='ocrx_word' id='word_1_38' title='bbox 750 757 884 821; x_wconf 88' lang='lat' dir='ltr'><strong>numina</strong></span> <span class='ocrx_word' id='word_1_39' title='bbox 904 764 1044 842; x_wconf 88' lang='lat' dir='ltr'><strong>poscunt</strong></span> <span class='ocrx_word' id='word_1_40' title='bbox 1064 790 1105 802; x_wconf 90' lang='lat'>-</span> 
     </span>
     <span class='ocr_line' id='line_1_7' title="bbox 125 839 1000 927; baseline -0.01 -17"><span class='ocrx_word' id='word_1_41' title='bbox 125 844 259 910; x_wconf 81' lang='lat' dir='ltr'><strong>Deserit</strong></span> <span class='ocrx_word' id='word_1_42' title='bbox 281 843 432 909; x_wconf 91' lang='lat' dir='ltr'><strong>obsessos</strong></span> <span class='ocrx_word' id='word_1_43' title='bbox 455 842 556 925; x_wconf 88' lang='lat' dir='ltr'><strong>collis,</strong></span> <span class='ocrx_word' id='word_1_44' title='bbox 578 863 714 906; x_wconf 88' lang='lat' dir='ltr'><strong>nemora</strong></span> <span class='ocrx_word' id='word_1_45' title='bbox 733 862 852 927; x_wconf 86' lang='lat' dir='ltr'><strong>aspera</strong></span> <span class='ocrx_word' id='word_1_46' title='bbox 873 839 1000 926; x_wconf 88' lang='lat' dir='ltr'><strong>linquit.</strong></span> 
     </span>
    </p>

    <p class='ocr_par' dir='ltr' id='par_1_4' title="bbox 126 921 973 1012">
     <span class='ocr_line' id='line_1_8' title="bbox 126 921 973 1012; baseline -0.006 -22"><span class='ocrx_word' id='word_1_47' title='bbox 126 927 193 992; x_wconf 87' lang='lat' dir='ltr'><strong>Vix</strong></span> <span class='ocrx_word' id='word_1_48' title='bbox 216 950 233 991; x_wconf 91' lang='lat' dir='ltr'><strong>e</strong></span> <span class='ocrx_word' id='word_1_49' title='bbox 255 934 430 1012; x_wconf 90' lang='lat' dir='ltr'><strong>conspectu</strong></span> <span class='ocrx_word' id='word_1_50' title='bbox 452 927 579 990; x_wconf 87' lang='lat' dir='ltr'><strong>exierat</strong></span> <span class='ocrx_word' id='word_1_51' title='bbox 601 946 815 1012; x_wconf 77' lang='lat' dir='ltr'><strong>campumque</strong></span> <span class='ocrx_word' id='word_1_52' title='bbox 833 921 973 1004; x_wconf 86' lang='lat' dir='ltr'><strong>tenebat,</strong></span> 
     </span>
    </p>

    <p class='ocr_par' dir='ltr' id='par_1_5' title="bbox 126 1007 954 1180">
     <span class='ocr_line' id='line_1_9' title="bbox 127 1007 938 1097; baseline -0.01 -20"><span class='ocrx_word' id='word_1_53' title='bbox 127 1010 209 1078; x_wconf 90' lang='lat' dir='ltr'><strong>Cum</strong></span> <span class='ocrx_word' id='word_1_54' title='bbox 231 1021 325 1097; x_wconf 88' lang='lat' dir='ltr'><strong>pater</strong></span> <span class='ocrx_word' id='word_1_55' title='bbox 345 1009 474 1074; x_wconf 85' lang='lat' dir='ltr'><strong>Aeneas</strong></span> <span class='ocrx_word' id='word_1_56' title='bbox 497 1007 598 1073; x_wconf 90' lang='lat' dir='ltr'><strong>saltus</strong></span> <span class='ocrx_word' id='word_1_57' title='bbox 620 1009 787 1093; x_wconf 84' lang='lat' dir='ltr'><strong>ingressus</strong></span> <span class='ocrx_word' id='word_1_58' title='bbox 807 1015 938 1092; x_wconf 91' lang='lat' dir='ltr'><strong>apertos</strong></span> 
     </span>
     <span class='ocr_line' id='line_1_10' title="bbox 126 1089 954 1180; baseline -0.008 -21"><span class='ocrx_word' id='word_1_59' title='bbox 126 1093 380 1180; x_wconf 83' lang='lat' dir='ltr'><strong>Exsuperatque</strong></span> <span class='ocrx_word' id='word_1_60' title='bbox 402 1093 515 1178; x_wconf 85' lang='lat' dir='ltr'><strong>iugum</strong></span> <span class='ocrx_word' id='word_1_61' title='bbox 538 1090 685 1176; x_wconf 80' lang='lat' dir='ltr'><strong>silvaque</strong></span> <span class='ocrx_word' id='word_1_62' title='bbox 707 1089 820 1154; x_wconf 88' lang='lat' dir='ltr'><strong>evadit</strong></span> <span class='ocrx_word' id='word_1_63' title='bbox 841 1110 954 1175; x_wconf 88' lang='lat' dir='ltr'><strong>opaea.</strong></span> 
     </span>
    </p>

    <p class='ocr_par' dir='ltr' id='par_1_6' title="bbox 127 1172 948 1261">
     <span class='ocr_line' id='line_1_11' title="bbox 127 1172 948 1261; baseline -0.009 -20"><span class='ocrx_word' id='word_1_64' title='bbox 127 1176 183 1242; x_wconf 84' lang='lat' dir='ltr'><strong>Sic</strong></span> <span class='ocrx_word' id='word_1_65' title='bbox 205 1175 300 1241; x_wconf 91' lang='lat' dir='ltr'><strong>ambo</strong></span> <span class='ocrx_word' id='word_1_66' title='bbox 323 1174 366 1239; x_wconf 88' lang='lat' dir='ltr'><strong>ad</strong></span> <span class='ocrx_word' id='word_1_67' title='bbox 388 1197 499 1239; x_wconf 85' lang='lat' dir='ltr'><strong>muros</strong></span> <span class='ocrx_word' id='word_1_68' title='bbox 519 1172 630 1261; x_wconf 86' lang='lat' dir='ltr'><strong>rapidi</strong></span> <span class='ocrx_word' id='word_1_69' title='bbox 650 1182 781 1261; x_wconf 85' lang='lat' dir='ltr'><strong>totoque</strong></span> <span class='ocrx_word' id='word_1_70' title='bbox 800 1173 948 1236; x_wconf 86' lang='lat' dir='ltr'><strong>feruntur</strong></span> 
     </span>
    </p>

    <p class='ocr_par' dir='ltr' id='par_1_7' title="bbox 126 1253 964 1345">
     <span class='ocr_line' id='line_1_12' title="bbox 126 1253 964 1345; baseline -0.006 -22"><span class='ocrx_word' id='word_1_71' title='bbox 126 1259 267 1345; x_wconf 87' lang='lat' dir='ltr'><strong>Agmine</strong></span> <span class='ocrx_word' id='word_1_72' title='bbox 288 1281 348 1323; x_wconf 90' lang='lat' dir='ltr'><strong>nec</strong></span> <span class='ocrx_word' id='word_1_73' title='bbox 368 1256 476 1343; x_wconf 87' lang='lat' dir='ltr'><strong>longis</strong></span> <span class='ocrx_word' id='word_1_74' title='bbox 497 1257 583 1321; x_wconf 90' lang='lat' dir='ltr'><strong>inter</strong></span> <span class='ocrx_word' id='word_1_75' title='bbox 605 1278 639 1321; x_wconf 91' lang='lat' dir='ltr'><strong>se</strong></span> <span class='ocrx_word' id='word_1_76' title='bbox 660 1255 813 1342; x_wconf 88' lang='lat' dir='ltr'><strong>passibus</strong></span> <span class='ocrx_word' id='word_1_77' title='bbox 836 1253 964 1337; x_wconf 83' lang='lat' dir='ltr'><strong>absunt,</strong></span> 
     </span>
    </p>

    <p class='ocr_par' dir='ltr' id='par_1_8' title="bbox 127 1338 934 1437">
     <span class='ocr_line' id='line_1_13' title="bbox 127 1338 934 1437; baseline -0.006 -30"><span class='ocrx_word' id='word_1_78' title='bbox 127 1341 177 1407; x_wconf 90' lang='lat' dir='ltr'><strong>Ae</strong></span> <span class='ocrx_word' id='word_1_79' title='bbox 199 1341 294 1406; x_wconf 88' lang='lat' dir='ltr'><strong>simul</strong></span> <span class='ocrx_word' id='word_1_80' title='bbox 315 1341 445 1406; x_wconf 87' lang='lat' dir='ltr'><strong>Aeneas</strong></span> <span class='ocrx_word' id='word_1_81' title='bbox 466 1341 620 1405; x_wconf 83' lang='lat' dir='ltr'><strong>fumantis</strong></span> <span class='ocrx_word' id='word_1_82' title='bbox 642 1338 777 1425; x_wconf 85' lang='lat' dir='ltr'><strong>pulvere</strong></span> <span class='ocrx_word' id='word_1_83' title='bbox 800 1359 934 1437; x_wconf 89' lang='lat' dir='ltr'><strong>campos</strong></span> 
     </span>
    </p>

    <p class='ocr_par' dir='ltr' id='par_1_9' title="bbox 126 1420 950 1521">
     <span class='ocr_line' id='line_1_14' title="bbox 126 1420 950 1521; baseline -0.007 -31"><span class='ocrx_word' id='word_1_84' title='bbox 126 1425 301 1511; x_wconf 88' lang='lat' dir='ltr'><strong>Prospexit</strong></span> <span class='ocrx_word' id='word_1_85' title='bbox 320 1423 417 1509; x_wconf 84' lang='lat' dir='ltr'><strong>longe</strong></span> <span class='ocrx_word' id='word_1_86' title='bbox 440 1423 683 1521; x_wconf 76' lang='lat' dir='ltr'><strong>Laurentiaque</strong></span> <span class='ocrx_word' id='word_1_87' title='bbox 703 1423 835 1508; x_wconf 85' lang='lat' dir='ltr'><strong>agmina</strong></span> <span class='ocrx_word' id='word_1_88' title='bbox 856 1420 950 1502; x_wconf 81' lang='lat' dir='ltr'><strong>vidit,</strong></span> 
     </span>
    </p>

    <p class='ocr_par' dir='ltr' id='par_1_10' title="bbox 126 1504 1135 1760">
     <span class='ocr_line' id='line_1_15' title="bbox 126 1504 990 1573; baseline -0.007 0"><span class='ocrx_word' id='word_1_89' title='bbox 126 1506 171 1573; x_wconf 87' lang='lat' dir='ltr'><strong>Et</strong></span> <span class='ocrx_word' id='word_1_90' title='bbox 192 1530 324 1573; x_wconf 88' lang='lat' dir='ltr'><strong>saevum</strong></span> <span class='ocrx_word' id='word_1_91' title='bbox 346 1508 480 1572; x_wconf 86' lang='lat' dir='ltr'><strong>Aenean</strong></span> <span class='ocrx_word' id='word_1_92' title='bbox 502 1505 544 1570; x_wconf 92' lang='lat' dir='ltr'><strong>ad</strong></span> <span class='ocrx_word' id='word_1_93' title='bbox 592 1515 660 1570; x_wconf 86' lang='lat' dir='ltr'><strong>ovrt</strong></span> <span class='ocrx_word' id='word_1_94' title='bbox 682 1505 812 1570; x_wconf 86' lang='lat' dir='ltr'><strong>Turnus</strong></span> <span class='ocrx_word' id='word_1_95' title='bbox 834 1506 868 1569; x_wconf 92' lang='lat' dir='ltr'><strong>in</strong></span> <span class='ocrx_word' id='word_1_96' title='bbox 890 1504 990 1568; x_wconf 86' lang='lat' dir='ltr'><strong>armis</strong></span> 
     </span>
     <span class='ocr_line' id='line_1_16' title="bbox 126 1587 1030 1678; baseline -0.006 -23"><span class='ocrx_word' id='word_1_97' title='bbox 126 1589 374 1678; x_wconf 85' lang='lat' dir='ltr'><strong>Adventumque</strong></span> <span class='ocrx_word' id='word_1_98' title='bbox 396 1589 517 1677; x_wconf 90' lang='lat' dir='ltr'><strong>pedum</strong></span> <span class='ocrx_word' id='word_1_99' title='bbox 561 1599 697 1676; x_wconf 91' lang='lat' dir='ltr'><strong>atusque</strong></span> <span class='ocrx_word' id='word_1_100' title='bbox 717 1587 844 1652; x_wconf 86' lang='lat' dir='ltr'><strong>audivit</strong></span> <span class='ocrx_word' id='word_1_101' title='bbox 865 1609 1030 1673; x_wconf 91' lang='lat' dir='ltr'><strong>equorum.</strong></span> 
     </span>
     <span class='ocr_line' id='line_1_17' title="bbox 128 1670 1135 1760; baseline -0.008 -21"><span class='ocrx_word' id='word_1_102' title='bbox 128 1672 354 1760; x_wconf 79' lang='lat' dir='ltr'><strong>Continuoque</strong></span> <span class='ocrx_word' id='word_1_103' title='bbox 372 1674 483 1737; x_wconf 85' lang='lat' dir='ltr'><strong>ineant</strong></span> <span class='ocrx_word' id='word_1_104' title='bbox 505 1694 633 1758; x_wconf 85' lang='lat' dir='ltr'><strong>pugnae</strong></span> <span class='ocrx_word' id='word_1_105' title='bbox 654 1680 686 1736; x_wconf 91' lang='lat' dir='ltr'><strong>et</strong></span> <span class='ocrx_word' id='word_1_106' title='bbox 707 1670 832 1758; x_wconf 87' lang='lat' dir='ltr'><strong>proelia</strong></span> <span class='ocrx_word' id='word_1_107' title='bbox 853 1679 1019 1756; x_wconf 85' lang='lat' dir='ltr'><strong>temptent,</strong></span> <span class='ocrx_word' id='word_1_108' title='bbox 1129 1710 1135 1716; x_wconf 93' lang='lat'>-</span> 
     </span>
    </p>
   </div>
   <div class='ocr_carea' id='block_1_3' title="bbox 128 1880 336 1890">
    <p class='ocr_par' dir='ltr' id='par_1_11' title="bbox 128 1880 336 1890">
     <span class='ocr_line' id='line_1_18' title="bbox 128 1880 336 1890; baseline -0.014 0"><span class='ocrx_word' id='word_1_109' title='bbox 128 1880 336 1890; x_wconf 58' lang='lat'>—0-————</span> 
     </span>
    </p>
   </div>
   <div class='ocr_carea' id='block_1_4' title="bbox 126 2019 1307 2764">
    <p class='ocr_par' dir='ltr' id='par_1_12' title="bbox 126 2019 1307 2764">
     <span class='ocr_line' id='line_1_19' title="bbox 127 2019 1307 2100; baseline -0.008 -15"><span class='ocrx_word' id='word_1_110' title='bbox 127 2021 191 2085; x_wconf 78' lang='grc'>897.</span> <span class='ocrx_word' id='word_1_111' title='bbox 230 2029 279 2074; x_wconf 85' lang='lat' dir='ltr'><strong>ert</strong></span> <span class='ocrx_word' id='word_1_112' title='bbox 297 2021 485 2099; x_wconf 68' lang='lat' dir='ltr'><strong>tumultum,</strong></span> <span class='ocrx_word' id='word_1_113' title='bbox 502 2021 557 2100; x_wconf 68' lang='lat' dir='ltr'><strong>tert</strong></span> <span class='ocrx_word' id='word_1_114' title='bbox 574 2019 707 2099; x_wconf 83' lang='lat' dir='ltr'><strong>nuntium,</strong></span> <span class='ocrx_word' id='word_1_115' title='bbox 723 2036 773 2090; x_wconf 87' lang='lat' dir='ltr'><strong>qno</strong></span> <span class='ocrx_word' id='word_1_116' title='bbox 787 2020 815 2073; x_wconf 92' lang='lat' dir='ltr'><strong>in</strong></span> <span class='ocrx_word' id='word_1_117' title='bbox 827 2021 916 2074; x_wconf 89' lang='lat' dir='ltr'><strong>animo</strong></span> <span class='ocrx_word' id='word_1_118' title='bbox 927 2020 1031 2075; x_wconf 85' lang='lat' dir='ltr'><strong>iuvenis</strong></span> <span class='ocrx_word' id='word_1_119' title='bbox 1043 2036 1158 2089; x_wconf 79' lang='lat' dir='ltr'><strong>mugnus</strong></span> <span class='ocrx_word' id='word_1_120' title='bbox 1170 2019 1307 2075; x_wconf 83' lang='lat' dir='ltr'><strong>excitatur</strong></span> 
     </span>
     <span class='ocr_line' id='line_1_20' title="bbox 126 2088 1305 2167; baseline -0.002 -24"><span class='ocrx_word' id='word_1_121' title='bbox 126 2093 186 2143; x_wconf 90' lang='lat' dir='ltr'><strong>tum</strong></span> <span class='ocrx_word' id='word_1_122' title='bbox 218 2092 271 2151; x_wconf 86' lang='lat' dir='ltr'><strong>tus,</strong></span> <span class='ocrx_word' id='word_1_123' title='bbox 301 2105 353 2167; x_wconf 84' lang='lat' dir='ltr'><strong>quo</strong></span> <span class='ocrx_word' id='word_1_124' title='bbox 383 2104 489 2141; x_wconf 80' lang='lat' dir='ltr'><strong>animus</strong></span> <span class='ocrx_word' id='word_1_125' title='bbox 515 2103 572 2142; x_wconf 82' lang='lat' dir='ltr'><strong>eins</strong></span> <span class='ocrx_word' id='word_1_126' title='bbox 604 2091 722 2156; x_wconf 79' lang='lat' dir='ltr'><strong>granter</strong></span> <span class='ocrx_word' id='word_1_127' title='bbox 737 2089 921 2157; x_wconf 84' lang='lat' dir='ltr'><strong>perturbatur.</strong></span> <span class='ocrx_word' id='word_1_128' title='bbox 957 2088 1135 2143; x_wconf 87' lang='lat' dir='ltr'><strong>Consentiunt</strong></span> <span class='ocrx_word' id='word_1_129' title='bbox 1152 2103 1259 2141; x_wconf 88' lang='lat' dir='ltr'><strong>mecum</strong></span> <span class='ocrx_word' id='word_1_130' title='bbox 1278 2089 1305 2141; x_wconf 91' lang='lat' dir='ltr'><strong>in</strong></span> 
     </span>
     <span class='ocr_line' id='line_1_21' title="bbox 126 2154 1306 2235; baseline -0.002 -24"><span class='ocrx_word' id='word_1_131' title='bbox 126 2158 177 2212; x_wconf 85' lang='lat' dir='ltr'><strong>hae</strong></span> <span class='ocrx_word' id='word_1_132' title='bbox 195 2156 370 2235; x_wconf 63' lang='lat' dir='ltr'><strong>explicatione</strong></span> <span class='ocrx_word' id='word_1_133' title='bbox 388 2154 485 2223; x_wconf 85' lang='lat' dir='ltr'><strong>Wagn.</strong></span> <span class='ocrx_word' id='word_1_134' title='bbox 518 2155 546 2208; x_wconf 92' lang='lat' dir='ltr'><strong>in</strong></span> <span class='ocrx_word' id='word_1_135' title='bbox 564 2155 628 2234; x_wconf 76' lang='lat' dir='ltr'><strong>min.</strong></span> <span class='ocrx_word' id='word_1_136' title='bbox 648 2154 721 2234; x_wconf 70' lang='lat' dir='ltr'><strong>edit,</strong></span> <span class='ocrx_word' id='word_1_137' title='bbox 751 2154 836 2235; x_wconf 75' lang='lat' dir='ltr'><strong>Brpce</strong></span> <span class='ocrx_word' id='word_1_138' title='bbox 853 2160 881 2210; x_wconf 88' lang='lat' dir='ltr'><strong>st</strong></span> <span class='ocrx_word' id='word_1_139' title='bbox 898 2155 1041 2234; x_wconf 39' lang='lat' dir='ltr'><strong>Benoist.‚·</strong></span> <span class='ocrx_word' id='word_1_140' title='bbox 1057 2155 1144 2209; x_wconf 85' lang='lat' dir='ltr'><strong>reiicit</strong></span> <span class='ocrx_word' id='word_1_141' title='bbox 1174 2171 1234 2209; x_wconf 86' lang='lat' dir='ltr'><strong>eam</strong></span> <span class='ocrx_word' id='word_1_142' title='bbox 1254 2156 1306 2209; x_wconf 90' lang='lat' dir='ltr'><strong>Co·</strong></span> 
     </span>
     <span class='ocr_line' id='line_1_22' title="bbox 127 2221 1304 2352; baseline 0 -75"><span class='ocrx_word' id='word_1_143' title='bbox 127 2225 250 2293; x_wconf 81' lang='lat' dir='ltr'><strong>ningtou‚</strong></span> <span class='ocrx_word' id='word_1_144' title='bbox 280 2240 325 2293; x_wconf 89' lang='lat' dir='ltr'><strong>qur</strong></span> <span class='ocrx_word' id='word_1_145' title='bbox 354 2221 1227 2352; x_wconf 42' lang='lat' dir='ltr'><strong>mmmmfidzeiffialem·ffilhfftgqssiulennffitffirbsuffi&#39;</strong></span> <span class='ocrx_word' id='word_1_146' title='bbox 1243 2226 1304 2344; x_wconf 55' lang='lat'><strong>{3²63</strong></span> 
     </span>
     <span class='ocr_line' id='line_1_23' title="bbox 126 2291 1306 2442; baseline 0 -31"><span class='ocrx_word' id='word_1_147' title='bbox 126 2291 483 2424; x_wconf 47' lang='lat' dir='ltr'><strong>Esefflqqpqepsgezpqqaq</strong></span> <span class='ocrx_word' id='word_1_148' title='bbox 502 2308 610 2412; x_wconf 54' lang='lat' dir='ltr'><strong>orinia</strong></span> <span class='ocrx_word' id='word_1_149' title='bbox 630 2307 860 2438; x_wconf 57' lang='lat' dir='ltr'><strong>coilipasm,</strong></span> <span class='ocrx_word' id='word_1_150' title='bbox 878 2311 993 2413; x_wconf 62' lang='lat' dir='ltr'><strong>notorie</strong></span> <span class='ocrx_word' id='word_1_151' title='bbox 1010 2335 1102 2442; x_wconf 71' lang='lat' dir='ltr'><strong>pqgna</strong></span> <span class='ocrx_word' id='word_1_152' title='bbox 1119 2332 1194 2437; x_wconf 74' lang='lat' dir='ltr'><strong>facta</strong></span> <span class='ocrx_word' id='word_1_153' title='bbox 1213 2329 1306 2411; x_wconf 76' lang='lat' dir='ltr'><strong>‹imnia</strong></span> 
     </span>
     <span class='ocr_line' id='line_1_24' title="bbox 127 2425 1305 2546; baseline -0.003 -64"><span class='ocrx_word' id='word_1_154' title='bbox 127 2429 186 2482; x_wconf 89' lang='lat' dir='ltr'><strong>loca</strong></span> <span class='ocrx_word' id='word_1_155' title='bbox 197 2428 318 2508; x_wconf 41' lang='lat' dir='ltr'><strong>&#39;lomnem</strong></span> <span class='ocrx_word' id='word_1_156' title='bbox 336 2426 471 2546; x_wconf 53' lang='lat' dir='ltr'><strong>campum]</strong></span> <span class='ocrx_word' id='word_1_157' title='bbox 490 2442 641 2506; x_wconf 76' lang='lat' dir='ltr'><strong>occupasse.</strong></span> <span class='ocrx_word' id='word_1_158' title='bbox 660 2426 840 2506; x_wconf 42' lang='lat' dir='ltr'><strong>·[Conmgton</strong></span> <span class='ocrx_word' id='word_1_159' title='bbox 859 2429 947 2495; x_wconf 87' lang='lat' dir='ltr'><strong>putat,</strong></span> <span class='ocrx_word' id='word_1_160' title='bbox 966 2426 1077 2506; x_wconf 73' lang='lat' dir='ltr'><strong>Vergilii</strong></span> <span class='ocrx_word' id='word_1_161' title='bbox 1096 2441 1186 2479; x_wconf 89' lang='lat' dir='ltr'><strong>ammo</strong></span> <span class='ocrx_word' id='word_1_162' title='bbox 1204 2425 1246 2479; x_wconf 86' lang='lat' dir='ltr'><strong>vel</strong></span> <span class='ocrx_word' id='word_1_163' title='bbox 1265 2427 1305 2478; x_wconf 90' lang='lat' dir='ltr'><strong>in-</strong></span> 
     </span>
     <span class='ocr_line' id='line_1_25' title="bbox 127 2493 1305 2562; baseline -0.003 -12"><span class='ocrx_word' id='word_1_164' title='bbox 127 2494 215 2550; x_wconf 86' lang='lat' dir='ltr'><strong>cendn</strong></span> <span class='ocrx_word' id='word_1_165' title='bbox 242 2495 285 2562; x_wconf 85' lang='lat' dir='ltr'><strong>(X.</strong></span> <span class='ocrx_word' id='word_1_166' title='bbox 315 2497 396 2558; x_wconf 71' lang='grc'>101),</span> <span class='ocrx_word' id='word_1_167' title='bbox 427 2510 459 2548; x_wconf 78' lang='lat' dir='ltr'><strong>ve</strong></span> <span class='ocrx_word' id='word_1_168' title='bbox 500 2494 683 2547; x_wconf 78' lang='lat' dir='ltr'><strong>inundationis</strong></span> <span class='ocrx_word' id='word_1_169' title='bbox 702 2493 777 2561; x_wconf 83' lang='lat' dir='ltr'><strong>(Ceo.</strong></span> <span class='ocrx_word' id='word_1_170' title='bbox 795 2494 846 2557; x_wconf 92' lang='grc' dir='ltr'><strong>ΠΙ,</strong></span> <span class='ocrx_word' id='word_1_171' title='bbox 869 2496 939 2559; x_wconf 82' lang='grc'>254.)</span> <span class='ocrx_word' id='word_1_172' title='bbox 968 2497 1103 2546; x_wconf 80' lang='lat' dir='ltr'><strong>notionem</strong></span> <span class='ocrx_word' id='word_1_173' title='bbox 1133 2493 1305 2546; x_wconf 84' lang='lat' dir='ltr'><strong>obversatam</strong></span> 
     </span>
     <span class='ocr_line' id='line_1_26' title="bbox 128 2560 1305 2683; baseline 0 -2"><span class='ocrx_word' id='word_1_174' title='bbox 128 2560 1305 2683; x_wconf 52' lang='grc'>11]’191111111111111.11111111111·1111111</span> 
     </span>
     <span class='ocr_line' id='line_1_27' title="bbox 129 2633 1306 2764; baseline 0 -14"><span class='ocrx_word' id='word_1_175' title='bbox 129 2633 368 2764; x_wconf 55' lang='lat' dir='ltr'><strong>liiietaileflmllaeyn.</strong></span> <span class='ocrx_word' id='word_1_176' title='bbox 379 2646 418 2734; x_wconf 72' lang='lat' dir='ltr'><strong>p-</strong></span> <span class='ocrx_word' id='word_1_177' title='bbox 436 2713 537 2749; x_wconf 83' lang='lat' dir='ltr'><strong>sacua</strong></span> <span class='ocrx_word' id='word_1_178' title='bbox 555 2696 574 2747; x_wconf 95' lang='lat'><em>1</em></span> <span class='ocrx_word' id='word_1_179' title='bbox 576 2698 647 2749; x_wconf 80' lang='lat' dir='ltr'><strong>ovis</strong></span> <span class='ocrx_word' id='word_1_180' title='bbox 664 2669 799 2749; x_wconf 71' lang='lat' dir='ltr'><strong>issrmiaa</strong></span> <span class='ocrx_word' id='word_1_181' title='bbox 817 2701 881 2750; x_wconf 90' lang='lat' dir='ltr'><strong>sunt</strong></span> <span class='ocrx_word' id='word_1_182' title='bbox 898 2713 977 2750; x_wconf 81' lang='lat' dir='ltr'><strong>saeva</strong></span> <span class='ocrx_word' id='word_1_183' title='bbox 996 2696 1068 2750; x_wconf 86' lang='lat' dir='ltr'><strong>loris</strong></span> <span class='ocrx_word' id='word_1_184' title='bbox 1079 2670 1206 2761; x_wconf 60' lang='lat' dir='ltr'><strong>consilia,</strong></span> <span class='ocrx_word' id='word_1_185' title='bbox 1225 2712 1306 2750; x_wconf 84' lang='lat' dir='ltr'><strong>saeva</strong></span> 
     </span>
    </p>
   </div>
   <div class='ocr_carea' id='block_1_5' title="bbox 129 2762 1305 2883">
    <p class='ocr_par' dir='ltr' id='par_1_13' title="bbox 129 2762 1305 2883">
     <span class='ocr_line' id='line_1_28' title="bbox 129 2762 1305 2883; baseline -0.001 -65"><span class='ocrx_word' id='word_1_186' title='bbox 129 2764 200 2818; x_wconf 82' lang='lat' dir='ltr'><strong>Iovis</strong></span> <span class='ocrx_word' id='word_1_187' title='bbox 216 2764 351 2830; x_wconf 81' lang='lat' dir='ltr'><strong>voluntas,</strong></span> <span class='ocrx_word' id='word_1_188' title='bbox 369 2762 523 2816; x_wconf 88' lang='lat' dir='ltr'><strong>Dietschins</strong></span> <span class='ocrx_word' id='word_1_189' title='bbox 542 2777 602 2815; x_wconf 82' lang='lat' dir='ltr'><strong>vero</strong></span> <span class='ocrx_word' id='word_1_190' title='bbox 620 2763 710 2816; x_wconf 82' lang='lat' dir='ltr'><strong>Theol.</strong></span> <span class='ocrx_word' id='word_1_191' title='bbox 721 2763 798 2883; x_wconf 60' lang='lat' dir='ltr'><strong>Verfi.</strong></span> <span class='ocrx_word' id='word_1_192' title='bbox 818 2781 843 2831; x_wconf 93' lang='lat' dir='ltr'><strong>p.</strong></span> <span class='ocrx_word' id='word_1_193' title='bbox 863 2768 886 2817; x_wconf 84' lang='lat' dir='ltr'><strong>o.</strong></span> <span class='ocrx_word' id='word_1_194' title='bbox 905 2764 987 2817; x_wconf 88' lang='lat' dir='ltr'><strong>etiam</strong></span> <span class='ocrx_word' id='word_1_195' title='bbox 1007 2765 1050 2817; x_wconf 92' lang='lat' dir='ltr'><strong>hio</strong></span> <span class='ocrx_word' id='word_1_196' title='bbox 1070 2763 1102 2816; x_wconf 90' lang='lat' dir='ltr'><strong>de</strong></span> <span class='ocrx_word' id='word_1_197' title='bbox 1119 2763 1191 2816; x_wconf 89' lang='lat' dir='ltr'><strong>Iovis</strong></span> <span class='ocrx_word' id='word_1_198' title='bbox 1208 2768 1305 2883; x_wconf 59' lang='lat' dir='ltr'><strong>poten-</strong></span> 
     </span>
    </p>
   </div>
   <div class='ocr_carea' id='block_1_6' title="bbox 127 2829 1309 4726">
    <p class='ocr_par' dir='ltr' id='par_1_14' title="bbox 127 2829 1309 4102">
     <span class='ocr_line' id='line_1_29' title="bbox 129 2829 1304 2900; baseline -0.003 -15"><span class='ocrx_word' id='word_1_199' title='bbox 129 2831 169 2885; x_wconf 87' lang='lat' dir='ltr'><strong>tia</strong></span> <span class='ocrx_word' id='word_1_200' title='bbox 187 2831 297 2900; x_wconf 81' lang='lat' dir='ltr'><strong>cogitat,</strong></span> <span class='ocrx_word' id='word_1_201' title='bbox 317 2847 385 2899; x_wconf 89' lang='lat' dir='ltr'><strong>quae</strong></span> <span class='ocrx_word' id='word_1_202' title='bbox 401 2847 485 2883; x_wconf 76' lang='lat' dir='ltr'><strong>saeva</strong></span> <span class='ocrx_word' id='word_1_203' title='bbox 502 2830 617 2890; x_wconf 86' lang='lat' dir='ltr'><strong>dicatur,</strong></span> <span class='ocrx_word' id='word_1_204' title='bbox 636 2829 706 2899; x_wconf 91' lang='lat' dir='ltr'><strong>quod</strong></span> <span class='ocrx_word' id='word_1_205' title='bbox 724 2830 770 2883; x_wconf 88' lang='lat' dir='ltr'><strong>nih</strong></span> <span class='ocrx_word' id='word_1_206' title='bbox 811 2832 862 2884; x_wconf 90' lang='lat' dir='ltr'><strong>sibi</strong></span> <span class='ocrx_word' id='word_1_207' title='bbox 880 2832 1004 2885; x_wconf 88' lang='lat' dir='ltr'><strong>resistere</strong></span> <span class='ocrx_word' id='word_1_208' title='bbox 1021 2834 1049 2885; x_wconf 90' lang='lat' dir='ltr'><strong>et</strong></span> <span class='ocrx_word' id='word_1_209' title='bbox 1067 2830 1154 2884; x_wconf 89' lang='lat' dir='ltr'><strong>obniti</strong></span> <span class='ocrx_word' id='word_1_210' title='bbox 1171 2845 1207 2895; x_wconf 85' lang='lat' dir='ltr'><strong>pa</strong></span> <span class='ocrx_word' id='word_1_211' title='bbox 1223 2831 1304 2884; x_wconf 74' lang='lat' dir='ltr'><strong>‘atur</strong></span> 
     </span>
     <span class='ocr_line' id='line_1_30' title="bbox 128 2896 1305 2967; baseline 0.002 -17"><span class='ocrx_word' id='word_1_212' title='bbox 128 2929 160 2939; x_wconf 89' lang='lat'><em>-</em></span> <span class='ocrx_word' id='word_1_213' title='bbox 179 2907 209 2951; x_wconf 83' lang='lat' dir='ltr'><strong>et</strong></span> <span class='ocrx_word' id='word_1_214' title='bbox 225 2916 327 2952; x_wconf 82' lang='lat' dir='ltr'><strong>saeva</strong></span> <span class='ocrx_word' id='word_1_215' title='bbox 345 2898 374 2967; x_wconf 86' lang='lat' dir='ltr'><strong>(i.</strong></span> <span class='ocrx_word' id='word_1_216' title='bbox 394 2913 415 2951; x_wconf 90' lang='lat' dir='ltr'><strong>e.</strong></span> <span class='ocrx_word' id='word_1_217' title='bbox 434 2896 555 2958; x_wconf 85' lang='lat' dir='ltr'><strong>adversa,</strong></span> <span class='ocrx_word' id='word_1_218' title='bbox 573 2897 684 2962; x_wconf 81' lang='lat' dir='ltr'><strong>intesta)</strong></span> <span class='ocrx_word' id='word_1_219' title='bbox 697 2897 790 2952; x_wconf 87' lang='lat' dir='ltr'><strong>Heins.</strong></span> <span class='ocrx_word' id='word_1_220' title='bbox 810 2916 840 2952; x_wconf 89' lang='lat' dir='ltr'><strong>ex</strong></span> <span class='ocrx_word' id='word_1_221' title='bbox 853 2898 935 2952; x_wconf 85' lang='lat' dir='ltr'><strong>Codd.</strong></span> <span class='ocrx_word' id='word_1_222' title='bbox 955 2898 1097 2953; x_wconf 85' lang='lat' dir='ltr'><strong>revocarit.</strong></span> <span class='ocrx_word' id='word_1_223' title='bbox 1116 2899 1205 2951; x_wconf 85' lang='lat' dir='ltr'><strong>Antea</strong></span> <span class='ocrx_word' id='word_1_224' title='bbox 1223 2899 1305 2967; x_wconf 82' lang='lat' dir='ltr'><strong>vulgo</strong></span> 
     </span>
     <span class='ocr_line' id='line_1_31' title="bbox 128 2964 1305 3036; baseline -0.003 -14"><span class='ocrx_word' id='word_1_225' title='bbox 128 2966 260 3022; x_wconf 86' lang='lat' dir='ltr'><strong>edebatur</strong></span> <span class='ocrx_word' id='word_1_226' title='bbox 288 2968 345 3019; x_wconf 82' lang='lat' dir='ltr'><strong>iam</strong></span> <span class='ocrx_word' id='word_1_227' title='bbox 374 2982 463 3019; x_wconf 74' lang='lat' dir='ltr'><strong>coeca.</strong></span> <span class='ocrx_word' id='word_1_228' title='bbox 499 2965 538 3017; x_wconf 90' lang='lat' dir='ltr'><strong>De</strong></span> <span class='ocrx_word' id='word_1_229' title='bbox 557 2965 661 3033; x_wconf 87' lang='lat' dir='ltr'><strong>Copula</strong></span> <span class='ocrx_word' id='word_1_230' title='bbox 710 2965 864 3020; x_wconf 84' lang='lat' dir='ltr'><strong>arantheses</strong></span> <span class='ocrx_word' id='word_1_231' title='bbox 894 2967 1038 3036; x_wconf 87' lang='lat' dir='ltr'><strong>incipiente</strong></span> <span class='ocrx_word' id='word_1_232' title='bbox 1070 2968 1097 3019; x_wconf 88' lang='lat' dir='ltr'><strong>et</strong></span> <span class='ocrx_word' id='word_1_233' title='bbox 1119 2965 1163 3019; x_wconf 92' lang='lat' dir='ltr'><strong>hic</strong></span> <span class='ocrx_word' id='word_1_234' title='bbox 1182 2964 1239 3019; x_wconf 83' lang='lat' dir='ltr'><strong>iere</strong></span> <span class='ocrx_word' id='word_1_235' title='bbox 1256 2984 1305 3035; x_wconf 85' lang='lat' dir='ltr'><strong>pro</strong></span> 
     </span>
     <span class='ocr_line' id='line_1_32' title="bbox 127 2983 1305 3104; baseline 0 -17"><span class='ocrx_word' id='word_1_236' title='bbox 127 3053 192 3088; x_wconf 82' lang='lat' dir='ltr'><strong>anm</strong></span> <span class='ocrx_word' id='word_1_237' title='bbox 220 3034 310 3104; x_wconf 89' lang='lat' dir='ltr'><strong>posita</strong></span> <span class='ocrx_word' id='word_1_238' title='bbox 338 3033 390 3086; x_wconf 83' lang='lat' dir='ltr'><strong>sid.</strong></span> <span class='ocrx_word' id='word_1_239' title='bbox 420 3033 526 3085; x_wconf 86' lang='lat' dir='ltr'><strong>adnott.</strong></span> <span class='ocrx_word' id='word_1_240' title='bbox 559 3032 593 3086; x_wconf 87' lang='lat' dir='ltr'><strong>ad</strong></span> <span class='ocrx_word' id='word_1_241' title='bbox 611 3032 666 3085; x_wconf 82' lang='lat' dir='ltr'><strong>Ecl.</strong></span> <span class='ocrx_word' id='word_1_242' title='bbox 688 2983 735 3100; x_wconf 70' lang='lat' dir='ltr'><strong>lx,</strong></span> <span class='ocrx_word' id='word_1_243' title='bbox 757 3038 795 3086; x_wconf 84' lang='lat'><strong>11.</strong></span> <span class='ocrx_word' id='word_1_244' title='bbox 827 3035 954 3089; x_wconf 78' lang='lat' dir='ltr'><strong>Ribbeck.</strong></span> <span class='ocrx_word' id='word_1_245' title='bbox 973 3036 1089 3087; x_wconf 87' lang='lat' dir='ltr'><strong>fortasse</strong></span> <span class='ocrx_word' id='word_1_246' title='bbox 1108 3051 1140 3085; x_wconf 85' lang='lat' dir='ltr'><strong>en</strong></span> <span class='ocrx_word' id='word_1_247' title='bbox 1157 3033 1305 3101; x_wconf 82' lang='lat' dir='ltr'><strong>legendum</strong></span> 
     </span>
     <span class='ocr_line' id='line_1_33' title="bbox 129 3098 1304 3171; baseline -0.003 -14"><span class='ocrx_word' id='word_1_248' title='bbox 129 3120 187 3157; x_wconf 86' lang='lat' dir='ltr'><strong>esse</strong></span> <span class='ocrx_word' id='word_1_249' title='bbox 206 3102 321 3156; x_wconf 89' lang='lat' dir='ltr'><strong>coniicit.</strong></span> <span class='ocrx_word' id='word_1_250' title='bbox 355 3100 470 3168; x_wconf 81' lang='lat' dir='ltr'><strong>Peerllr.‚</strong></span> <span class='ocrx_word' id='word_1_251' title='bbox 499 3116 559 3153; x_wconf 91' lang='lat' dir='ltr'><strong>cum</strong></span> <span class='ocrx_word' id='word_1_252' title='bbox 579 3099 627 3154; x_wconf 84' lang='lat' dir='ltr'><strong>alii</strong></span> <span class='ocrx_word' id='word_1_253' title='bbox 644 3098 726 3154; x_wconf 88' lang='lat' dir='ltr'><strong>Codd.</strong></span> <span class='ocrx_word' id='word_1_254' title='bbox 764 3118 793 3155; x_wconf 87' lang='lat' dir='ltr'><strong>ro</strong></span> <span class='ocrx_word' id='word_1_255' title='bbox 812 3110 837 3154; x_wconf 83' lang='lat' dir='ltr'><strong>et</strong></span> <span class='ocrx_word' id='word_1_256' title='bbox 853 3103 1001 3171; x_wconf 87' lang='lat' dir='ltr'><strong>praebeant</strong></span> <span class='ocrx_word' id='word_1_257' title='bbox 1020 3103 1083 3163; x_wconf 83' lang='lat' dir='ltr'><strong>iam,</strong></span> <span class='ocrx_word' id='word_1_258' title='bbox 1111 3118 1183 3161; x_wconf 76' lang='lat' dir='ltr'><strong>nom,</strong></span> <span class='ocrx_word' id='word_1_259' title='bbox 1202 3103 1236 3160; x_wconf 78' lang='lat' dir='ltr'><strong>ai,</strong></span> <span class='ocrx_word' id='word_1_260' title='bbox 1254 3103 1304 3165; x_wconf 79' lang='lat' dir='ltr'><strong>ric,</strong></span> 
     </span>
     <span class='ocr_line' id='line_1_34' title="bbox 133 3118 1308 3240; baseline -0.003 -16"><span class='ocrx_word' id='word_1_261' title='bbox 133 3174 162 3225; x_wconf 89' lang='lat' dir='ltr'><strong>et</strong></span> <span class='ocrx_word' id='word_1_262' title='bbox 180 3170 319 3240; x_wconf 83' lang='lat' dir='ltr'><strong>epitheton</strong></span> <span class='ocrx_word' id='word_1_263' title='bbox 337 3187 421 3223; x_wconf 72' lang='lat' dir='ltr'><strong>saeva</strong></span> <span class='ocrx_word' id='word_1_264' title='bbox 439 3184 493 3221; x_wconf 90' lang='lat' dir='ltr'><strong>non</strong></span> <span class='ocrx_word' id='word_1_265' title='bbox 511 3167 578 3221; x_wconf 88' lang='lat' dir='ltr'><strong>bene</strong></span> <span class='ocrx_word' id='word_1_266' title='bbox 600 3118 810 3223; x_wconf 75' lang='lat' dir='ltr'><strong>conveniatloco</strong></span> <span class='ocrx_word' id='word_1_267' title='bbox 821 3169 854 3231; x_wconf 87' lang='lat' dir='ltr'><strong>X,</strong></span> <span class='ocrx_word' id='word_1_268' title='bbox 868 3174 912 3221; x_wconf 82' lang='grc'><strong>104</strong></span> <span class='ocrx_word' id='word_1_269' title='bbox 924 3187 975 3238; x_wconf 76' lang='lat' dir='ltr'><strong>sq..</strong></span> <span class='ocrx_word' id='word_1_270' title='bbox 989 3186 1037 3237; x_wconf 87' lang='lat' dir='ltr'><strong>pro</strong></span> <span class='ocrx_word' id='word_1_271' title='bbox 1049 3177 1074 3222; x_wconf 81' lang='lat' dir='ltr'><strong>ct</strong></span> <span class='ocrx_word' id='word_1_272' title='bbox 1092 3185 1174 3221; x_wconf 79' lang='lat' dir='ltr'><strong>saeva</strong></span> <span class='ocrx_word' id='word_1_273' title='bbox 1188 3169 1308 3222; x_wconf 84' lang='lat' dir='ltr'><strong>scriben-</strong></span> 
     </span>
     <span class='ocr_line' id='line_1_35' title="bbox 130 3235 1306 3307; baseline -0.001 -16"><span class='ocrx_word' id='word_1_274' title='bbox 130 3238 194 3292; x_wconf 88' lang='lat' dir='ltr'><strong>dum</strong></span> <span class='ocrx_word' id='word_1_275' title='bbox 206 3240 285 3307; x_wconf 87' lang='lat' dir='ltr'><strong>putat</strong></span> <span class='ocrx_word' id='word_1_276' title='bbox 297 3245 417 3291; x_wconf 66' lang='lat' dir='ltr'><strong>neuma.</strong></span> <span class='ocrx_word' id='word_1_277' title='bbox 433 3267 466 3275; x_wconf 90' lang='lat'>-</span> <span class='ocrx_word' id='word_1_278' title='bbox 476 3236 526 3289; x_wconf 83' lang='lat' dir='ltr'><strong>sic</strong></span> <span class='ocrx_word' id='word_1_279' title='bbox 536 3244 690 3306; x_wconf 76' lang='lat' dir='ltr'><strong>poscunt,</strong></span> <span class='ocrx_word' id='word_1_280' title='bbox 710 3252 743 3290; x_wconf 88' lang='lat' dir='ltr'><strong>ue</strong></span> <span class='ocrx_word' id='word_1_281' title='bbox 756 3238 843 3306; x_wconf 88' lang='lat' dir='ltr'><strong>possit</strong></span> <span class='ocrx_word' id='word_1_282' title='bbox 854 3237 956 3291; x_wconf 88' lang='lat' dir='ltr'><strong>Aeneas</strong></span> <span class='ocrx_word' id='word_1_283' title='bbox 968 3237 1051 3289; x_wconf 82' lang='lat' dir='ltr'><strong>&#39;lurni</strong></span> <span class='ocrx_word' id='word_1_284' title='bbox 1063 3235 1167 3289; x_wconf 87' lang='lat' dir='ltr'><strong>insidiis</strong></span> <span class='ocrx_word' id='word_1_285' title='bbox 1181 3237 1306 3303; x_wconf 84' lang='lat' dir='ltr'><strong>opprimi.</strong></span> 
     </span>
     <span class='ocr_line' id='line_1_36' title="bbox 130 3304 1307 3374; baseline -0.002 -15"><span class='ocrx_word' id='word_1_286' title='bbox 130 3306 257 3359; x_wconf 82' lang='lat' dir='ltr'><strong>Ribbeck.</strong></span> <span class='ocrx_word' id='word_1_287' title='bbox 287 3323 317 3359; x_wconf 85' lang='lat' dir='ltr'><strong>ex</strong></span> <span class='ocrx_word' id='word_1_288' title='bbox 335 3306 411 3358; x_wconf 89' lang='lat' dir='ltr'><strong>Rom.</strong></span> <span class='ocrx_word' id='word_1_289' title='bbox 440 3320 489 3372; x_wconf 91' lang='lat' dir='ltr'><strong>pro</strong></span> <span class='ocrx_word' id='word_1_290' title='bbox 528 3311 622 3357; x_wconf 73' lang='lat' dir='ltr'><strong>occant</strong></span> <span class='ocrx_word' id='word_1_291' title='bbox 639 3304 740 3373; x_wconf 90' lang='lat' dir='ltr'><strong>recepit</strong></span> <span class='ocrx_word' id='word_1_292' title='bbox 754 3305 870 3374; x_wconf 81' lang='lat' dir='ltr'><strong>pellunt,</strong></span> <span class='ocrx_word' id='word_1_293' title='bbox 902 3304 972 3373; x_wconf 91' lang='lat' dir='ltr'><strong>quod</strong></span> <span class='ocrx_word' id='word_1_294' title='bbox 990 3307 1061 3357; x_wconf 85' lang='lat' dir='ltr'><strong>recte</strong></span> <span class='ocrx_word' id='word_1_295' title='bbox 1080 3305 1241 3371; x_wconf 87' lang='lat' dir='ltr'><strong>spreverunt</strong></span> <span class='ocrx_word' id='word_1_296' title='bbox 1260 3320 1307 3371; x_wconf 92' lang='lat' dir='ltr'><strong>po·</strong></span> 
     </span>
     <span class='ocr_line' id='line_1_37' title="bbox 130 3322 1307 3441; baseline -0.003 -15"><span class='ocrx_word' id='word_1_297' title='bbox 130 3372 257 3426; x_wconf 82' lang='lat' dir='ltr'><strong>statiores</strong></span> <span class='ocrx_word' id='word_1_298' title='bbox 291 3372 415 3426; x_wconf 86' lang='lat' dir='ltr'><strong>editores.</strong></span> <span class='ocrx_word' id='word_1_299' title='bbox 434 3403 465 3409; x_wconf 98' lang='lat'>—</span> <span class='ocrx_word' id='word_1_300' title='bbox 483 3322 547 3432; x_wconf 62' lang='grc'>912.</span> <span class='ocrx_word' id='word_1_301' title='bbox 577 3372 616 3424; x_wconf 88' lang='lat' dir='ltr'><strong>De</strong></span> <span class='ocrx_word' id='word_1_302' title='bbox 645 3371 766 3425; x_wconf 89' lang='lat' dir='ltr'><strong>locorum</strong></span> <span class='ocrx_word' id='word_1_303' title='bbox 795 3375 893 3426; x_wconf 86' lang='lat' dir='ltr'><strong>natura</strong></span> <span class='ocrx_word' id='word_1_304' title='bbox 911 3372 964 3425; x_wconf 87' lang='lat' dir='ltr'><strong>vid.</strong></span> <span class='ocrx_word' id='word_1_305' title='bbox 984 3388 1066 3441; x_wconf 90' lang='lat' dir='ltr'><strong>supra</strong></span> <span class='ocrx_word' id='word_1_306' title='bbox 1084 3387 1107 3424; x_wconf 85' lang='lat' dir='ltr'><strong>v.</strong></span> <span class='ocrx_word' id='word_1_307' title='bbox 1128 3374 1177 3423; x_wconf 84' lang='lat'><strong>526</strong></span> <span class='ocrx_word' id='word_1_308' title='bbox 1195 3388 1254 3440; x_wconf 90' lang='lat' dir='ltr'><strong>sqq.</strong></span> <span class='ocrx_word' id='word_1_309' title='bbox 1275 3402 1307 3410; x_wconf 94' lang='lat'>—</span> 
     </span>
     <span class='ocr_line' id='line_1_38' title="bbox 130 3438 1306 3508; baseline 0 -16"><span class='ocrx_word' id='word_1_310' title='bbox 130 3438 196 3499; x_wconf 80' lang='grc'>9113.</span> <span class='ocrx_word' id='word_1_311' title='bbox 218 3440 309 3493; x_wconf 78' lang='lat' dir='ltr'><strong>Viae</strong></span> <span class='ocrx_word' id='word_1_312' title='bbox 329 3440 664 3508; x_wconf 76' lang='lat' dir='ltr'><strong>correpectueaierat.</strong></span> <span class='ocrx_word' id='word_1_313' title='bbox 700 3439 741 3492; x_wconf 78' lang='lat' dir='ltr'><strong>cf.</strong></span> <span class='ocrx_word' id='word_1_314' title='bbox 760 3438 782 3500; x_wconf 86' lang='grc' dir='ltr'><strong>Ι,</strong></span> <span class='ocrx_word' id='word_1_315' title='bbox 803 3443 843 3492; x_wconf 85' lang='grc'><strong>31.</strong></span> <span class='ocrx_word' id='word_1_316' title='bbox 865 3471 896 3478; x_wconf 95' lang='grc'>-</span> <span class='ocrx_word' id='word_1_317' title='bbox 915 3438 978 3499; x_wconf 77' lang='grc'>9114.</span> <span class='ocrx_word' id='word_1_318' title='bbox 1009 3441 1121 3493; x_wconf 78' lang='lat' dir='ltr'><strong>saltus</strong></span> <span class='ocrx_word' id='word_1_319' title='bbox 1146 3447 1306 3508; x_wconf 82' lang='lat' dir='ltr'><strong>apertos,</strong></span> 
     </span>
     <span class='ocr_line' id='line_1_39' title="bbox 130 3505 1309 3575; baseline -0.001 -14"><span class='ocrx_word' id='word_1_320' title='bbox 130 3522 228 3561; x_wconf 83' lang='lat' dir='ltr'><strong>vacuos</strong></span> <span class='ocrx_word' id='word_1_321' title='bbox 257 3507 291 3558; x_wconf 90' lang='lat' dir='ltr'><strong>ab</strong></span> <span class='ocrx_word' id='word_1_322' title='bbox 321 3506 400 3559; x_wconf 87' lang='lat' dir='ltr'><strong>hoste</strong></span> <span class='ocrx_word' id='word_1_323' title='bbox 429 3505 471 3559; x_wconf 87' lang='lat' dir='ltr'><strong>vel</strong></span> <span class='ocrx_word' id='word_1_324' title='bbox 492 3505 570 3558; x_wconf 88' lang='lat' dir='ltr'><strong>abitu</strong></span> <span class='ocrx_word' id='word_1_325' title='bbox 588 3505 678 3559; x_wconf 83' lang='lat' dir='ltr'><strong>Turni.</strong></span> <span class='ocrx_word' id='word_1_326' title='bbox 715 3505 805 3560; x_wconf 88' lang='lat' dir='ltr'><strong>Verba</strong></span> <span class='ocrx_word' id='word_1_327' title='bbox 832 3507 939 3559; x_wconf 75' lang='lat' dir='ltr'><strong>saltas</strong></span> <span class='ocrx_word' id='word_1_328' title='bbox 969 3508 1140 3575; x_wconf 72' lang='lat' dir='ltr'><strong>inpressae</strong></span> <span class='ocrx_word' id='word_1_329' title='bbox 1168 3525 1186 3558; x_wconf 87' lang='lat' dir='ltr'><strong>o</strong></span> <span class='ocrx_word' id='word_1_330' title='bbox 1215 3515 1309 3560; x_wconf 75' lang='lat' dir='ltr'><strong>erton</strong></span> 
     </span>
     <span class='ocr_line' id='line_1_40' title="bbox 130 3572 1305 3645; baseline 0.001 -19"><span class='ocrx_word' id='word_1_331' title='bbox 130 3575 267 3627; x_wconf 84' lang='lat' dir='ltr'><strong>iterentur</strong></span> <span class='ocrx_word' id='word_1_332' title='bbox 286 3574 312 3625; x_wconf 91' lang='lat' dir='ltr'><strong>in</strong></span> <span class='ocrx_word' id='word_1_333' title='bbox 331 3575 415 3630; x_wconf 86' lang='lat' dir='ltr'><strong>Anth.</strong></span> <span class='ocrx_word' id='word_1_334' title='bbox 434 3573 493 3626; x_wconf 81' lang='lat' dir='ltr'><strong>nat.</strong></span> <span class='ocrx_word' id='word_1_335' title='bbox 512 3572 535 3638; x_wconf 92' lang='lat'><strong>1,</strong></span> <span class='ocrx_word' id='word_1_336' title='bbox 556 3575 595 3635; x_wconf 85' lang='grc'><strong>14,</strong></span> <span class='ocrx_word' id='word_1_337' title='bbox 614 3576 638 3626; x_wconf 88' lang='grc'>6.</span> <span class='ocrx_word' id='word_1_338' title='bbox 657 3572 772 3634; x_wconf 75' lang='grc'>-9115,</span> <span class='ocrx_word' id='word_1_339' title='bbox 804 3574 998 3645; x_wconf 76' lang='lat' dir='ltr'><strong>Exsuperet</strong></span> <span class='ocrx_word' id='word_1_340' title='bbox 1025 3576 1142 3642; x_wconf 72' lang='lat' dir='ltr'><strong>iopam.</strong></span> <span class='ocrx_word' id='word_1_341' title='bbox 1203 3573 1238 3628; x_wconf 91' lang='lat' dir='ltr'><strong>id.</strong></span> <span class='ocrx_word' id='word_1_342' title='bbox 1260 3575 1305 3635; x_wconf 85' lang='lat' dir='ltr'><strong>vl,</strong></span> 
     </span>
     <span class='ocr_line' id='line_1_41' title="bbox 132 3638 1308 3718; baseline 0.001 -24"><span class='ocrx_word' id='word_1_343' title='bbox 132 3643 191 3695; x_wconf 83' lang='grc'>616.</span> <span class='ocrx_word' id='word_1_344' title='bbox 211 3640 270 3693; x_wconf 88' lang='lat' dir='ltr'><strong>coll.</strong></span> <span class='ocrx_word' id='word_1_345' title='bbox 289 3641 340 3701; x_wconf 86' lang='lat'>111,</span> <span class='ocrx_word' id='word_1_346' title='bbox 359 3642 416 3693; x_wconf 85' lang='grc'>698.</span> <span class='ocrx_word' id='word_1_347' title='bbox 434 3640 501 3693; x_wconf 89' lang='lat' dir='ltr'><strong>Cum</strong></span> <span class='ocrx_word' id='word_1_348' title='bbox 519 3638 580 3718; x_wconf 87' lang='lat' dir='ltr'><strong>ipsa</strong></span> <span class='ocrx_word' id='word_1_349' title='bbox 598 3656 626 3693; x_wconf 88' lang='lat' dir='ltr'><strong>re</strong></span> <span class='ocrx_word' id='word_1_350' title='bbox 644 3641 678 3694; x_wconf 83' lang='lat' dir='ltr'><strong>of.</strong></span> <span class='ocrx_word' id='word_1_351' title='bbox 697 3657 780 3711; x_wconf 88' lang='lat' dir='ltr'><strong>supra</strong></span> <span class='ocrx_word' id='word_1_352' title='bbox 797 3658 822 3695; x_wconf 87' lang='lat' dir='ltr'><strong>v.</strong></span> <span class='ocrx_word' id='word_1_353' title='bbox 841 3646 889 3695; x_wconf 84' lang='lat'><strong>51³</strong></span> <span class='ocrx_word' id='word_1_354' title='bbox 909 3660 947 3711; x_wconf 89' lang='lat' dir='ltr'><strong>sq.</strong></span> <span class='ocrx_word' id='word_1_355' title='bbox 967 3673 1000 3681; x_wconf 84' lang='lat'>-</span> <span class='ocrx_word' id='word_1_356' title='bbox 1018 3641 1070 3695; x_wconf 91' lang='lat' dir='ltr'><strong>Pro</strong></span> <span class='ocrx_word' id='word_1_357' title='bbox 1088 3642 1177 3695; x_wconf 77' lang='lat' dir='ltr'><strong>ritca</strong></span> <span class='ocrx_word' id='word_1_358' title='bbox 1195 3660 1308 3709; x_wconf 81' lang='lat' dir='ltr'><strong>opaca</strong></span> 
     </span>
     <span class='ocr_line' id='line_1_42' title="bbox 132 3706 1306 3778; baseline 0.003 -20"><span class='ocrx_word' id='word_1_359' title='bbox 132 3707 211 3778; x_wconf 85' lang='lat' dir='ltr'><strong>pauci</strong></span> <span class='ocrx_word' id='word_1_360' title='bbox 228 3706 311 3761; x_wconf 83' lang='lat' dir='ltr'><strong>Codd.</strong></span> <span class='ocrx_word' id='word_1_361' title='bbox 331 3707 440 3760; x_wconf 89' lang='lat' dir='ltr'><strong>minoris</strong></span> <span class='ocrx_word' id='word_1_362' title='bbox 457 3707 536 3776; x_wconf 77' lang='lat' dir='ltr'><strong>pretii</strong></span> <span class='ocrx_word' id='word_1_363' title='bbox 554 3707 641 3760; x_wconf 79' lang='lat' dir='ltr'><strong>siloas</strong></span> <span class='ocrx_word' id='word_1_364' title='bbox 659 3726 771 3778; x_wconf 78' lang='lat' dir='ltr'><strong>opacae.</strong></span> <span class='ocrx_word' id='word_1_365' title='bbox 790 3709 841 3763; x_wconf 84' lang='lat' dir='ltr'><strong>Sed</strong></span> <span class='ocrx_word' id='word_1_366' title='bbox 860 3710 912 3764; x_wconf 80' lang='lat' dir='ltr'><strong>vid.</strong></span> <span class='ocrx_word' id='word_1_367' title='bbox 934 3710 969 3763; x_wconf 87' lang='lat' dir='ltr'><strong>ad</strong></span> <span class='ocrx_word' id='word_1_368' title='bbox 987 3709 1035 3772; x_wconf 80' lang='lat' dir='ltr'><strong>lx,</strong></span> <span class='ocrx_word' id='word_1_369' title='bbox 1055 3713 1096 3763; x_wconf 80' lang='grc'>911.</span> <span class='ocrx_word' id='word_1_370' title='bbox 1118 3739 1146 3747; x_wconf 92' lang='grc'>-</span> <span class='ocrx_word' id='word_1_371' title='bbox 1167 3708 1232 3770; x_wconf 80' lang='grc'>1109.</span> <span class='ocrx_word' id='word_1_372' title='bbox 1251 3727 1306 3762; x_wconf 85' lang='lat' dir='ltr'><strong>ra-</strong></span> 
     </span>
     <span class='ocr_line' id='line_1_43' title="bbox 128 3773 1306 3896; baseline 0.004 -70"><span class='ocrx_word' id='word_1_373' title='bbox 128 3775 216 3896; x_wconf 77' lang='lat' dir='ltr'><strong>pidi.</strong></span> <span class='ocrx_word' id='word_1_374' title='bbox 235 3774 296 3829; x_wconf 81' lang='lat' dir='ltr'><strong>vid.</strong></span> <span class='ocrx_word' id='word_1_375' title='bbox 308 3775 348 3853; x_wconf 31' lang='lat' dir='ltr'><strong>‘ad</strong></span> <span class='ocrx_word' id='word_1_376' title='bbox 366 3775 388 3839; x_wconf 85' lang='lat'><strong>1,</strong></span> <span class='ocrx_word' id='word_1_377' title='bbox 401 3779 458 3828; x_wconf 85' lang='grc'>644.</span> <span class='ocrx_word' id='word_1_378' title='bbox 477 3805 509 3813; x_wconf 88' lang='grc'><strong>-</strong></span> <span class='ocrx_word' id='word_1_379' title='bbox 527 3773 591 3835; x_wconf 81' lang='grc'>9117.</span> <span class='ocrx_word' id='word_1_380' title='bbox 611 3775 724 3844; x_wconf 76' lang='lat' dir='ltr'><strong>lonyia</strong></span> <span class='ocrx_word' id='word_1_381' title='bbox 738 3779 901 3845; x_wconf 72' lang='lat' dir='ltr'><strong>poenibus</strong></span> <span class='ocrx_word' id='word_1_382' title='bbox 919 3794 966 3847; x_wconf 87' lang='lat' dir='ltr'><strong>pro</strong></span> <span class='ocrx_word' id='word_1_383' title='bbox 984 3777 1078 3829; x_wconf 88' lang='lat' dir='ltr'><strong>multis</strong></span> <span class='ocrx_word' id='word_1_384' title='bbox 1097 3777 1221 3844; x_wconf 86' lang='lat' dir='ltr'><strong>passibus</strong></span> <span class='ocrx_word' id='word_1_385' title='bbox 1240 3778 1306 3841; x_wconf 82' lang='grc'>(1.1.</span> 
     </span>
     <span class='ocr_line' id='line_1_44' title="bbox 144 3842 1306 3913; baseline 0 -17"><span class='ocrx_word' id='word_1_386' title='bbox 144 3858 212 3910; x_wconf 83' lang='lat' dir='ltr'><strong>ongo</strong></span> <span class='ocrx_word' id='word_1_387' title='bbox 242 3844 353 3911; x_wconf 78' lang='lat' dir='ltr'><strong>spatio),</strong></span> <span class='ocrx_word' id='word_1_388' title='bbox 385 3844 416 3895; x_wconf 90' lang='lat' dir='ltr'><strong>ut</strong></span> <span class='ocrx_word' id='word_1_389' title='bbox 434 3842 466 3903; x_wconf 84' lang='lat' dir='ltr'><strong>X,</strong></span> <span class='ocrx_word' id='word_1_390' title='bbox 486 3845 542 3896; x_wconf 86' lang='grc'>549.</span> <span class='ocrx_word' id='word_1_391' title='bbox 573 3843 670 3910; x_wconf 74' lang='lat' dir='ltr'><strong>lmspos</strong></span> <span class='ocrx_word' id='word_1_392' title='bbox 700 3861 794 3898; x_wconf 82' lang='lat' dir='ltr'><strong>annos.</strong></span> <span class='ocrx_word' id='word_1_393' title='bbox 830 3845 983 3913; x_wconf 82' lang='lat' dir='ltr'><strong>Conington</strong></span> <span class='ocrx_word' id='word_1_394' title='bbox 1001 3845 1067 3897; x_wconf 86' lang='lat' dir='ltr'><strong>haee</strong></span> <span class='ocrx_word' id='word_1_395' title='bbox 1085 3845 1166 3897; x_wconf 85' lang='lat' dir='ltr'><strong>verba</strong></span> <span class='ocrx_word' id='word_1_396' title='bbox 1184 3844 1226 3897; x_wconf 80' lang='lat' dir='ltr'><strong>sel</strong></span> <span class='ocrx_word' id='word_1_397' title='bbox 1245 3860 1306 3896; x_wconf 88' lang='lat' dir='ltr'><strong>curn</strong></span> 
     </span>
     <span class='ocr_line' id='line_1_45' title="bbox 131 3909 1306 3981; baseline 0 -18"><span class='ocrx_word' id='word_1_398' title='bbox 131 3911 201 3963; x_wconf 76' lang='lat' dir='ltr'><strong>inter</strong></span> <span class='ocrx_word' id='word_1_399' title='bbox 229 3927 257 3962; x_wconf 79' lang='lat' dir='ltr'><strong>re</strong></span> <span class='ocrx_word' id='word_1_400' title='bbox 287 3909 385 3976; x_wconf 73' lang='lat' dir='ltr'><strong>(longis</strong></span> <span class='ocrx_word' id='word_1_401' title='bbox 417 3909 542 3977; x_wconf 84' lang='lat' dir='ltr'><strong>passibus</strong></span> <span class='ocrx_word' id='word_1_402' title='bbox 572 3910 643 3964; x_wconf 87' lang='lat' dir='ltr'><strong>inter</strong></span> <span class='ocrx_word' id='word_1_403' title='bbox 674 3927 702 3964; x_wconf 88' lang='lat' dir='ltr'><strong>se</strong></span> <span class='ocrx_word' id='word_1_404' title='bbox 732 3911 891 3977; x_wconf 75' lang='lat' dir='ltr'><strong>interiectis)</strong></span> <span class='ocrx_word' id='word_1_405' title='bbox 915 3914 958 3966; x_wconf 83' lang='lat' dir='ltr'><strong>vel</strong></span> <span class='ocrx_word' id='word_1_406' title='bbox 985 3928 1045 3966; x_wconf 90' lang='lat' dir='ltr'><strong>cnm</strong></span> <span class='ocrx_word' id='word_1_407' title='bbox 1063 3913 1161 3964; x_wconf 77' lang='lat' dir='ltr'><strong>aberrat</strong></span> <span class='ocrx_word' id='word_1_408' title='bbox 1180 3912 1306 3981; x_wconf 86' lang='lat' dir='ltr'><strong>coniungi</strong></span> 
     </span>
     <span class='ocr_line' id='line_1_46' title="bbox 132 3977 1307 4102; baseline -0.002 -2"><span class='ocrx_word' id='word_1_409' title='bbox 132 3977 1307 4102; x_wconf 52' lang='grc' dir='ltr'><strong>111111111111111.·111111111111111111ΓΘ</strong></span> 
     </span>
    </p>

    <p class='ocr_par' dir='ltr' id='par_1_15' title="bbox 132 4062 1309 4655">
     <span class='ocr_line' id='line_1_47' title="bbox 266 4064 1308 4102; baseline 0.003 -5"><span class='ocrx_word' id='word_1_410' title='bbox 266 4087 270 4097; x_wconf 95' lang='grc'>.</span> <span class='ocrx_word' id='word_1_411' title='bbox 574 4089 579 4098; x_wconf 91' lang='grc'>.</span> <span class='ocrx_word' id='word_1_412' title='bbox 652 4085 659 4097; x_wconf 91' lang='grc'>.</span> <span class='ocrx_word' id='word_1_413' title='bbox 715 4086 721 4098; x_wconf 92' lang='grc'>.</span> <span class='ocrx_word' id='word_1_414' title='bbox 785 4066 871 4100; x_wconf 75' lang='lat' dir='ltr'><strong>aon</strong></span> <span class='ocrx_word' id='word_1_415' title='bbox 913 4067 972 4102; x_wconf 76' lang='lat' dir='ltr'><strong>ocra</strong></span> <span class='ocrx_word' id='word_1_416' title='bbox 1017 4066 1046 4100; x_wconf 80' lang='lat' dir='ltr'><strong>ar</strong></span> <span class='ocrx_word' id='word_1_417' title='bbox 1107 4064 1219 4099; x_wconf 79' lang='lat' dir='ltr'><strong>onear</strong></span> <span class='ocrx_word' id='word_1_418' title='bbox 1279 4065 1308 4100; x_wconf 77' lang='lat' dir='ltr'><strong>se</strong></span> 
     </span>
     <span class='ocr_line' id='line_1_48' title="bbox 132 4062 1308 4192; baseline -0.002 -24"><span class='ocrx_word' id='word_1_419' title='bbox 132 4121 225 4168; x_wconf 72' lang='lat' dir='ltr'><strong>caena</strong></span> <span class='ocrx_word' id='word_1_420' title='bbox 253 4062 403 4178; x_wconf 63' lang='lat' dir='ltr'><strong>factitant,</strong></span> <span class='ocrx_word' id='word_1_421' title='bbox 432 4112 451 4165; x_wconf 91' lang='lat' dir='ltr'><strong>i.</strong></span> <span class='ocrx_word' id='word_1_422' title='bbox 470 4128 491 4166; x_wconf 89' lang='grc'><strong>1.</strong></span> <span class='ocrx_word' id='word_1_423' title='bbox 523 4112 594 4166; x_wconf 87' lang='lat' dir='ltr'><strong>haud</strong></span> <span class='ocrx_word' id='word_1_424' title='bbox 618 4063 699 4192; x_wconf 62' lang='lat' dir='ltr'><strong>linge</strong></span> <span class='ocrx_word' id='word_1_425' title='bbox 716 4112 786 4167; x_wconf 90' lang='lat' dir='ltr'><strong>inter</strong></span> <span class='ocrx_word' id='word_1_426' title='bbox 804 4132 833 4168; x_wconf 90' lang='lat' dir='ltr'><strong>sc</strong></span> <span class='ocrx_word' id='word_1_427' title='bbox 852 4116 1026 4169; x_wconf 88' lang='lat' dir='ltr'><strong>distantibus.</strong></span> <span class='ocrx_word' id='word_1_428' title='bbox 1061 4065 1187 4168; x_wconf 66' lang='lat' dir='ltr'><strong>Ceterim</strong></span> <span class='ocrx_word' id='word_1_429' title='bbox 1219 4115 1246 4166; x_wconf 92' lang='lat' dir='ltr'><strong>in</strong></span> <span class='ocrx_word' id='word_1_430' title='bbox 1268 4114 1308 4167; x_wconf 90' lang='lat' dir='ltr'><strong>di-</strong></span> 
     </span>
     <span class='ocr_line' id='line_1_49' title="bbox 133 4179 1309 4251; baseline -0.001 -16"><span class='ocrx_word' id='word_1_431' title='bbox 133 4181 295 4249; x_wconf 85' lang='lat' dir='ltr'><strong>stinguendo</strong></span> <span class='ocrx_word' id='word_1_432' title='bbox 324 4181 374 4233; x_wconf 86' lang='lat' dir='ltr'><strong>hoe</strong></span> <span class='ocrx_word' id='word_1_433' title='bbox 396 4179 455 4233; x_wconf 90' lang='lat' dir='ltr'><strong>loco</strong></span> <span class='ocrx_word' id='word_1_434' title='bbox 474 4182 502 4233; x_wconf 92' lang='lat' dir='ltr'><strong>et</strong></span> <span class='ocrx_word' id='word_1_435' title='bbox 518 4181 607 4234; x_wconf 84' lang='lat' dir='ltr'><strong>verbis</strong></span> <span class='ocrx_word' id='word_1_436' title='bbox 625 4182 817 4250; x_wconf 78' lang='lat' dir='ltr'><strong>coniungendis</strong></span> <span class='ocrx_word' id='word_1_437' title='bbox 844 4199 914 4237; x_wconf 89' lang='lat' dir='ltr'><strong>nnnc</strong></span> <span class='ocrx_word' id='word_1_438' title='bbox 932 4186 1039 4236; x_wconf 83' lang='lat' dir='ltr'><strong>mutata</strong></span> <span class='ocrx_word' id='word_1_439' title='bbox 1056 4182 1191 4236; x_wconf 85' lang='lat' dir='ltr'><strong>sententia</strong></span> <span class='ocrx_word' id='word_1_440' title='bbox 1211 4199 1309 4251; x_wconf 87' lang='lat' dir='ltr'><strong>sequor</strong></span> 
     </span>
     <span class='ocr_line' id='line_1_50' title="bbox 134 4247 1308 4330; baseline 0 -28"><span class='ocrx_word' id='word_1_441' title='bbox 134 4249 294 4303; x_wconf 84' lang='lat' dir='ltr'><strong>recentiores</strong></span> <span class='ocrx_word' id='word_1_442' title='bbox 312 4247 437 4302; x_wconf 84' lang='lat' dir='ltr'><strong>editores.</strong></span> <span class='ocrx_word' id='word_1_443' title='bbox 457 4278 488 4286; x_wconf 90' lang='lat'><em>—</em></span> <span class='ocrx_word' id='word_1_444' title='bbox 508 4247 574 4307; x_wconf 83' lang='grc'>9118.</span> <span class='ocrx_word' id='word_1_445' title='bbox 605 4248 711 4302; x_wconf 81' lang='lat' dir='ltr'><strong>Simul</strong></span> <span class='ocrx_word' id='word_1_446' title='bbox 728 4250 872 4330; x_wconf 86' lang='lat' dir='ltr'><strong>respondet</strong></span> <span class='ocrx_word' id='word_1_447' title='bbox 889 4251 1006 4320; x_wconf 86' lang='lat' dir='ltr'><strong>Copulae</strong></span> <span class='ocrx_word' id='word_1_448' title='bbox 1025 4258 1050 4304; x_wconf 86' lang='lat' dir='ltr'><strong>et</strong></span> <span class='ocrx_word' id='word_1_449' title='bbox 1067 4267 1091 4304; x_wconf 84' lang='lat' dir='ltr'><strong>v.</strong></span> <span class='ocrx_word' id='word_1_450' title='bbox 1111 4255 1178 4315; x_wconf 81' lang='lat' dir='ltr'><strong>sto,</strong></span> <span class='ocrx_word' id='word_1_451' title='bbox 1197 4252 1229 4302; x_wconf 88' lang='lat' dir='ltr'><strong>nt</strong></span> <span class='ocrx_word' id='word_1_452' title='bbox 1247 4267 1308 4303; x_wconf 89' lang='lat' dir='ltr'><strong>sen-</strong></span> 
     </span>
     <span class='ocr_line' id='line_1_51' title="bbox 133 4316 1308 4385; baseline 0.001 -16"><span class='ocrx_word' id='word_1_453' title='bbox 133 4332 179 4369; x_wconf 83' lang='lat' dir='ltr'><strong>sns</strong></span> <span class='ocrx_word' id='word_1_454' title='bbox 197 4317 245 4370; x_wconf 89' lang='lat' dir='ltr'><strong>sit:</strong></span> <span class='ocrx_word' id='word_1_455' title='bbox 277 4316 369 4370; x_wconf 90' lang='lat' dir='ltr'><strong>eodem</strong></span> <span class='ocrx_word' id='word_1_456' title='bbox 392 4318 514 4385; x_wconf 89' lang='lat' dir='ltr'><strong>tempore</strong></span> <span class='ocrx_word' id='word_1_457' title='bbox 532 4318 636 4369; x_wconf 85' lang='lat' dir='ltr'><strong>Aeneas</strong></span> <span class='ocrx_word' id='word_1_458' title='bbox 654 4321 791 4384; x_wconf 79' lang='lat' dir='ltr'><strong>conspexit</strong></span> <span class='ocrx_word' id='word_1_459' title='bbox 808 4318 928 4373; x_wconf 85' lang='lat' dir='ltr'><strong>Turnum</strong></span> <span class='ocrx_word' id='word_1_460' title='bbox 946 4322 973 4372; x_wconf 84' lang='lat' dir='ltr'><strong>et</strong></span> <span class='ocrx_word' id='word_1_461' title='bbox 991 4318 1035 4370; x_wconf 92' lang='lat' dir='ltr'><strong>hic</strong></span> <span class='ocrx_word' id='word_1_462' title='bbox 1054 4319 1164 4383; x_wconf 67' lang='lat' dir='ltr'><strong>morit</strong></span> <span class='ocrx_word' id='word_1_463' title='bbox 1180 4319 1308 4371; x_wconf 86' lang='lat' dir='ltr'><strong>Aeneam.</strong></span> 
     </span>
     <span class='ocr_line' id='line_1_52' title="bbox 132 4383 1308 4456; baseline 0.002 -21"><span class='ocrx_word' id='word_1_464' title='bbox 132 4383 201 4438; x_wconf 86' lang='lat' dir='ltr'><strong>Vide</strong></span> <span class='ocrx_word' id='word_1_465' title='bbox 219 4402 301 4454; x_wconf 86' lang='lat' dir='ltr'><strong>snpra</strong></span> <span class='ocrx_word' id='word_1_466' title='bbox 317 4384 352 4438; x_wconf 87' lang='lat' dir='ltr'><strong>ad</strong></span> <span class='ocrx_word' id='word_1_467' title='bbox 370 4400 395 4436; x_wconf 87' lang='lat' dir='ltr'><strong>v.</strong></span> <span class='ocrx_word' id='word_1_468' title='bbox 414 4386 470 4437; x_wconf 79' lang='grc'>864.</span> <span class='ocrx_word' id='word_1_469' title='bbox 491 4412 522 4422; x_wconf 93' lang='grc'>-</span> <span class='ocrx_word' id='word_1_470' title='bbox 539 4384 706 4447; x_wconf 78' lang='lat' dir='ltr'><strong>fumantis</strong></span> <span class='ocrx_word' id='word_1_471' title='bbox 725 4385 867 4455; x_wconf 80' lang='lat' dir='ltr'><strong>pulvere</strong></span> <span class='ocrx_word' id='word_1_472' title='bbox 895 4404 1038 4456; x_wconf 84' lang='lat' dir='ltr'><strong>compos.</strong></span> <span class='ocrx_word' id='word_1_473' title='bbox 1073 4385 1224 4453; x_wconf 80' lang='lat' dir='ltr'><strong>Conington</strong></span> <span class='ocrx_word' id='word_1_474' title='bbox 1244 4402 1308 4438; x_wconf 90' lang='lat' dir='ltr'><strong>con·</strong></span> 
     </span>
     <span class='ocr_line' id='line_1_53' title="bbox 133 4449 1309 4522; baseline 0.003 -18"><span class='ocrx_word' id='word_1_475' title='bbox 133 4449 188 4504; x_wconf 80' lang='lat' dir='ltr'><strong>tert</strong></span> <span class='ocrx_word' id='word_1_476' title='bbox 207 4452 268 4506; x_wconf 79' lang='lat' dir='ltr'><strong>Eur.</strong></span> <span class='ocrx_word' id='word_1_477' title='bbox 288 4452 366 4505; x_wconf 64' lang='lat' dir='ltr'><strong>&#39;Pron</strong></span> <span class='ocrx_word' id='word_1_478' title='bbox 386 4454 457 4505; x_wconf 82' lang='lat'><strong>1320.</strong></span> <span class='ocrx_word' id='word_1_479' title='bbox 488 4450 566 4512; x_wconf 73' lang='grc' dir='ltr'><strong><em>κόνις</em></strong></span> <span class='ocrx_word' id='word_1_480' title='bbox 596 4450 622 4501; x_wconf 81' lang='grc' dir='ltr'><strong>δ’</strong></span> <span class='ocrx_word' id='word_1_481' title='bbox 653 4455 701 4503; x_wconf 79' lang='grc' dir='ltr'><strong>ἴσα</strong></span> <span class='ocrx_word' id='word_1_482' title='bbox 724 4457 826 4522; x_wconf 68' lang='grc' dir='ltr'><em>καπνῷ</em></span> <span class='ocrx_word' id='word_1_483' title='bbox 844 4458 961 4522; x_wconf 77' lang='grc' dir='ltr'><strong>πτέρυγι</strong></span> <span class='ocrx_word' id='word_1_484' title='bbox 984 4455 1055 4522; x_wconf 76' lang='grc' dir='ltr'><em>πρὸς</em></span> <span class='ocrx_word' id='word_1_485' title='bbox 1073 4455 1173 4518; x_wconf 69' lang='grc' dir='ltr'>αἰθέρ’.</span> <span class='ocrx_word' id='word_1_486' title='bbox 1193 4485 1226 4493; x_wconf 87' lang='lat'><strong>·-</strong></span> <span class='ocrx_word' id='word_1_487' title='bbox 1244 4452 1309 4512; x_wconf 82' lang='grc'>910.</span> 
     </span>
     <span class='ocr_line' id='line_1_54' title="bbox 133 4516 1308 4655; baseline 0.002 -83"><span class='ocrx_word' id='word_1_488' title='bbox 133 4535 267 4640; x_wconf 57' lang='lat' dir='ltr'><strong>:qieqlalm</strong></span> <span class='ocrx_word' id='word_1_489' title='bbox 281 4519 356 4639; x_wconf 44' lang='lat'><strong>5350.</strong></span> <span class='ocrx_word' id='word_1_490' title='bbox 368 4518 486 4639; x_wconf 47' lang='lat' dir='ltr'><strong>{unffi</strong></span> <span class='ocrx_word' id='word_1_491' title='bbox 506 4516 615 4651; x_wconf 53' lang='lat' dir='ltr'><strong>{itdaqq</strong></span> <span class='ocrx_word' id='word_1_492' title='bbox 632 4517 653 4581; x_wconf 87' lang='lat' dir='ltr'><strong>l,</strong></span> <span class='ocrx_word' id='word_1_493' title='bbox 670 4521 881 4647; x_wconf 46' lang='lat' dir='ltr'><strong>diqqlileaeegn</strong></span> <span class='ocrx_word' id='word_1_494' title='bbox 899 4521 932 4574; x_wconf 80' lang='lat' dir='ltr'><strong>in</strong></span> <span class='ocrx_word' id='word_1_495' title='bbox 945 4523 1224 4643; x_wconf 46' lang='lat' dir='ltr'><strong>pqmigaiarpqqtum</strong></span> <span class='ocrx_word' id='word_1_496' title='bbox 1239 4522 1308 4655; x_wconf 49' lang='lat' dir='ltr'><strong>qipd.</strong></span> 
     </span>
    </p>

    <p class='ocr_par' dir='ltr' id='par_1_16' title="bbox 133 4605 1308 4726">
     <span class='ocr_line' id='line_1_55' title="bbox 243 4608 1308 4652; baseline 0.002 -12"><span class='ocrx_word' id='word_1_497' title='bbox 243 4628 337 4650; x_wconf 83' lang='lat'><strong>‚.</strong></span> <span class='ocrx_word' id='word_1_498' title='bbox 475 4628 480 4638; x_wconf 96' lang='lat'><strong>.</strong></span> <span class='ocrx_word' id='word_1_499' title='bbox 597 4614 753 4641; x_wconf 83' lang='lat'><strong>..-.</strong></span> <span class='ocrx_word' id='word_1_500' title='bbox 855 4608 1004 4652; x_wconf 53' lang='lat' dir='ltr'><strong>unu..</strong></span> <span class='ocrx_word' id='word_1_501' title='bbox 1165 4619 1308 4641; x_wconf 93' lang='lat'><strong>.--</strong></span> 
     </span>
     <span class='ocr_line' id='line_1_56' title="bbox 133 4605 1308 4726; baseline 0.005 -22"><span class='ocrx_word' id='word_1_502' title='bbox 133 4656 211 4720; x_wconf 78' lang='lat' dir='ltr'><strong>tae,</strong></span> <span class='ocrx_word' id='word_1_503' title='bbox 247 4627 449 4716; x_wconf 72' lang='lat' dir='ltr'><strong>hinnitus,’ut</strong></span> <span class='ocrx_word' id='word_1_504' title='bbox 478 4668 520 4723; x_wconf 88' lang='lat' dir='ltr'><strong>ap.</strong></span> <span class='ocrx_word' id='word_1_505' title='bbox 555 4652 652 4708; x_wconf 84' lang='lat' dir='ltr'><strong>Silium</strong></span> <span class='ocrx_word' id='word_1_506' title='bbox 682 4651 720 4717; x_wconf 81' lang='lat' dir='ltr'><strong>V,</strong></span> <span class='ocrx_word' id='word_1_507' title='bbox 748 4606 807 4709; x_wconf 63' lang='grc'>431.</span> <span class='ocrx_word' id='word_1_508' title='bbox 831 4657 972 4726; x_wconf 63' lang='lat' dir='ltr'><strong>flatuque</strong></span> <span class='ocrx_word' id='word_1_509' title='bbox 1002 4605 1142 4709; x_wconf 65' lang='lat' dir='ltr'><strong>iniitnntar</strong></span> <span class='ocrx_word' id='word_1_510' title='bbox 1168 4607 1308 4724; x_wconf 66' lang='lat' dir='ltr'><strong>equonmat.</strong></span> 
     </span>
    </p>
   </div>
   <div class='ocr_carea' id='block_1_7' title="bbox 0 0 1446 5070">
    <p class='ocr_par' dir='ltr' id='par_1_17' title="bbox 0 0 1446 5070">
     <span class='ocr_line' id='line_1_57' title="bbox 0 0 1446 5070; baseline 0 0"><span class='ocrx_word' id='word_1_511' title='bbox 0 0 1446 5070; x_wconf 95' lang='lat' dir='ltr'><strong> </strong></span> 
     </span>
    </p>
   </div>
  </div>
 </body>
</html>
