2872 5070
423 255 702 325 CATALECTA.
725 256 785 326 ΠΙ.
807 256 864 325 IV.
887 257 927 325 V.

86 416 130 480 Ut
151 417 205 481 ille
226 441 340 483 versus
365 442 598 523 usquequaque
619 425 773 512 pertinet:

85 499 216 583 „Gener
238 524 403 591 socerque,
426 505 615 590 perdidistis
638 508 784 574 omnial“

519 657 565 712 IV.
599 656 639 712 IN
656 657 816 715 EUNDEM.

86 752 233 836 Superbe
254 754 422 833 Noctuine,
445 757 594 842 putidum
616 769 724 848 caput,

84 835 192 898 Datur
214 837 272 901 tibi
293 838 411 924 puella,
434 862 531 926 quam
553 844 648 928 petis,
671 844 786 925 datur3

85 919 201 999 Datur,
223 920 363 1004 superbe
385 923 554 1005 Noctuine,
578 948 675 1012 quam
695 928 794 1073 petis.

86 1001 160 1072 Sed,
184 1024 202 1064 o
224 1004 364 1088 superbe
384 1005 554 1089 Noctuine,
576 1030 640 1073 non
659 1010 693 1074 vi

84 1084 177 1147 Duas
200 1085 320 1150 habere
342 1087 425 1152 filias
448 1089 592 1173 Atilium,

84 1166 187 1247 Duas,
210 1178 240 1231 et
263 1169 348 1234 hanc
370 1180 401 1235 et
424 1171 570 1255 alteram,
592 1173 653 1239 tibi
673 1175 754 1239 dari.

83 1249 205 1314 Adeste
227 1275 321 1335 nunc,
344 1254 471 1319 adeste!
496 1256 593 1334 ducit,
615 1267 649 1322 ut
671 1257 772 1340 decet,

82 1332 261 1418 Superbus,
280 1358 365 1418 ecce,
388 1337 567 1405 Noctuinus
589 1340 753 1407 herneam.

83 1414 275 1483 Thalassio!
298 1419 487 1488 Thalassio!
511 1422 700 1489 Thalassio!

529 1573 562 1629 V.
596 1574 638 1629 IN
654 1573 798 1632 LUCIUM.

81 1667 193 1734 Iacere
216 1693 276 1753 me,
299 1670 386 1758 quod
410 1672 477 1738 alta
494 1698 559 1739 non
580 1679 715 1763 possim,
735 1687 844 1764 putas,

166 1752 211 1817 Ut
233 1763 317 1834 ante,
338 1757 461 1820 vectari
482 1758 566 1823 freta

82 1835 151 1899 Nec
173 1837 258 1900 ferre
282 1837 396 1902 durum
418 1839 522 1925 frigus
545 1850 600 1907 aut
621 1851 747 1908 aestum
770 1844 840 1929 pati

165 1920 278 2007 Neque
298 1943 391 1986 arma
413 1924 546 1989 victoris
569 1927 669 2012 sequi.

82 2000 212 2086 Valent,
233 2003 344 2069 valent
365 2005 444 2070 mihi
467 2007 519 2072 ira
541 2017 573 2074 et
593 2010 745 2096 antiquus
767 2010 856 2074 furor

718 1032 752 1073 OS

81 2190 289 2201 -—-———

80 2323 181 2393 Haupt.
200 2328 228 2379 et
246 2325 372 2381 Ribbeck.
393 2327 476 2381 etiam
494 2327 538 2381 bic
555 2327 582 2380 ei
598 2327 674 2383 miti.
694 2358 723 2368 -
748 2328 774 2390 b.
793 2328 857 2385 illc
874 2344 994 2384 ceraue
1011 2345 1041 2384 ex
1059 2330 1123 2383 uoto
1140 2328 1188 2382 illo
1206 2329 1258 2382 ca·

79 2391 143 2445 tulli
160 2392 252 2462 Epigr.
275 2395 304 2448 in
322 2395 464 2449 Caesarem
482 2394 580 2458 XXIX,
600 2397 650 2464 24,
674 2394 722 2449 ubi
745 2413 806 2451 cum
832 2397 1006 2465 transpositis
1028 2396 1117 2450 verbis
1135 2396 1257 2516 leqatur:

80 2459 166 2513 Socer
205 2478 319 2531 acerque
337 2463 502 2530 perdidistis
524 2462 629 2529 omnic,
651 2461 775 2532 Spengel.
795 2464 836 2516 in:
865 2465 958 2517 Neues
974 2464 1079 2517 Archiv
1096 2465 1120 2529 f.
1138 2463 1167 2516 P
1183 2464 1213 2517 it.
1231 2480 1258 2517 u.

78 2526 165 2606 I’ced.
183 2478 234 2592 Nl,
254 2533 277 2584 4.
296 2547 321 2598 p.
343 2531 399 2583 111.
418 2529 500 2583 ctiam
517 2529 544 2582 h.
562 2530 581 2582 l.
602 2528 716 2583 eundern
734 2529 853 2583 ordinem
872 2531 1051 2584 reuocandum
1069 2531 1186 2597 censnit;
1210 2530 1258 2585 sed

79 2611 136 2650 rure
156 2595 316 2650 adversatur
328 2595 434 2664 Wagn,
454 2613 514 2651 cum
533 2595 606 2667 apud
618 2594 758 2651 Catullum
775 2598 873 2663 soceri,
891 2597 963 2666 apud
981 2601 1103 2652 nostrum
1121 2614 1183 2653 vero
1195 2614 1258 2669 poe·

78 2664 135 2716 tam
157 2664 252 2730 peracri
268 2662 369 2718 mentio
389 2665 506 2732 proxime
524 2665 707 2734 praecesserit.
744 2664 833 2718 Etiam
850 2665 1010 2720 recentiores
1028 2666 1146 2721 editores
1164 2682 1256 2721 omnes

78 2730 216 2798 uulgarem
235 2731 376 2786 verborum
395 2731 515 2786 ordinem
527 2731 705 2786 retinuerunt.
719 2764 751 2772 -
771 2750 872 2801 usque
890 2751 954 2802 pcc
980 2751 1019 2787 ac
1036 2750 1115 2790 versu
1127 2737 1256 2803 sequente

76 2797 246 2853 illustratum
264 2799 424 2853 videbimus.
438 2829 471 2838 —
489 2799 516 2860 6.
531 2800 744 2870 perdidistis
763 2802 888 2870 omniq·
905 2803 945 2865 tu,
958 2753 1036 2865 iuli,
1048 2801 1142 2871 filiam,
1154 2801 1256 2856 homiui

77 2866 236 2989 qtupidoffiqt
253 2867 348 2990 pptitqo
366 2869 490 2937 nuptam,
510 2871 549 2932 tu,
567 2867 708 2932 Noctuine,
728 2866 845 2937 diritius,
864 2869 949 2925 soceri
966 2870 1115 2926 voracitate
1135 2871 1163 2925 et
1181 2869 1257 2926 vino·

92 2950 124 2988 en
139 2949 166 2988 ra
223 2951 267 3004 apr
287 2950 304 2990 a
335 2952 357 2990 s.

144 3103 191 3159 IV.
214 3105 382 3174 Argumenta
400 3120 448 3158 suo
468 3103 593 3160 cohaeret
610 3103 662 3159 hoc
673 3103 848 3174 Epigramma
865 3104 946 3176 (quod
958 3104 1059 3175 legitur
1070 3104 1181 3159 Anthol.
1194 3104 1254 3160 Lat.

76 3170 168 3227 Burm.
181 3171 218 3240 11,
232 3177 290 3228 245.
304 3190 325 3227 s.
337 3172 437 3240 Meyeri
448 3188 474 3226 n.
487 3174 556 3235 104.)
566 3188 627 3226 curn
638 3172 821 3235 antecedente,
835 3173 882 3226 sed
896 3175 1016 3242 ternpore
1027 3172 1096 3226 illud
1110 3173 1253 3236 antecedit,

77 3255 160 3308 quare
178 3241 276 3295 rectius
294 3241 318 3294 ei
328 3238 558 3320 praemitteretur.
593 3240 685 3360 Heqa.
705 3239 738 3294 de
756 3241 891 3294 sententia
908 3240 1036 3319 carminis
1055 3239 1121 3295 haee
1138 3240 1253 3309 profert:

78 3306 184 3371 „Lusus
202 3309 311 3362 ridetur
328 3324 356 3361 m
373 3307 423 3361 hoc
441 3308 538 3361 latere:
559 3308 629 3377 quod
660 3325 751 3369 enac,
770 3322 836 3377 quae
848 3307 919 3362 vasis
932 3309 1031 3376 potorii
1044 3323 1129 3376 genus
1143 3310 1193 3370 est,
1225 3323 1254 3361 ro

76 3374 135 3444 ipso
157 3379 234 3444 patre
255 3375 391 3429 vinolento
413 3375 537 3443 ponitur,
561 3377 590 3429 et
611 3391 710 3445 genero
733 3391 781 3443 pro
804 3375 891 3429 altera
914 3375 1027 3443 coniuge
1049 3379 1077 3429 et
1097 3374 1155 3429 filia
1176 3324 1254 3429 Atilii

76 3442 240 3511 assignatur.
262 3443 342 3510 Nam,
356 3458 388 3497 ue
398 3442 485 3510 ipsam
498 3442 639 3512 coniugem
652 3442 774 3497 bibacem
786 3441 870 3496 fuisse
882 3443 1031 3510 credamus,
1043 3443 1118 3497 vetat
1131 3442 1253 3512 superius

76 3509 252 3578 epigramma.
272 3511 409 3565 Herainm
426 3512 518 3564 autem
535 3509 625 3580 legere
637 3526 669 3564 ac
681 3509 835 3564 herniosum
849 3525 971 3564 socerum
980 3509 1130 3579 intelligere
1142 3509 1166 3564 si
1179 3509 1253 3573 veiis,

76 3591 188 3631 acumen
207 3578 310 3633 frustra
328 3583 466 3648 quaeres“.
482 3607 513 3615 —-
532 3576 559 3635 8.
577 3579 618 3631 De
634 3577 758 3631 beraea
775 3576 818 3629 vel
837 3578 926 3646 potius
945 3579 1050 3639 timec,
1062 3594 1125 3632 vase
1136 3576 1215 3632 fictili
1227 3578 1256 3631 et
1311 3607 1316 3613 -

75 3645 193 3713 potorio,
218 3645 270 3699 vid.
292 3645 384 3699 Plaut.
402 3647 454 3699 Am
474 3644 501 3701 h.
520 3645 543 3707 Ι,
565 3648 588 3711 1,
607 3648 665 3700 273.
684 3648 742 3699 216.
765 3644 855 3715 ibique
872 3645 991 3715 Interpp.
1010 3644 1072 3699 coll.
1090 3645 1150 3700 Cat.
1169 3645 1202 3698 R.
1222 3643 1253 3698 R.

77 3728 100 3765 c.
121 3715 160 3766 81.
181 3728 240 3765 cum
253 3712 413 3791 ,Schneideri
431 3662 521 3767 adhot.
544 3742 574 3751 -
593 3713 626 3767 V.
639 3712 665 3774 9.
684 3728 700 3766 s
717 3712 809 3767 Burm.
828 3712 938 3766 additus
956 3715 998 3768 est
1016 3729 1030 3767 e
1047 3713 1168 3781 vestigiis
1187 3710 1253 3767 Ced.

75 3778 154 3832 Voss.
172 3782 200 3834 et
217 3779 295 3834 editt.
309 3783 376 3834 vett.
396 3779 544 3834 seeundum
562 3780 752 3835 anctoritatem
765 3779 845 3834 Marii
856 3780 955 3835 Victor.
969 3781 1001 3834 A.
1014 3779 1061 3835 Gr.
1074 3780 1124 3836 111.
1138 3798 1165 3851 p.
1178 3782 1267 3847 2686,

76 3845 147 3901 hunc
165 3863 272 3903 versum
291 3847 475 3917 Vergilianum
495 3847 642 3903 afferentis.
677 3847 717 3902 Ci.
736 3846 843 3903 adnott.
862 3847 898 3903 ad
915 3848 1003 3903 Catul
1022 3848 1055 3916 V,
1075 3851 1114 3905 16.

561 3970 770 3979 -ι-----

144 4049 176 4102 V.
205 4048 265 4103 Vid.
283 4049 392 4105 Anthol.
412 4051 473 4106 Lat.
488 4050 582 4105 Burm.
594 4049 632 4113 H,
645 4052 703 4104 246.
716 4066 737 4102 s.
751 4049 851 4118 hleyeri
868 4067 895 4107 n.
912 4055 966 4105 106.
990 4051 1131 4118 „carmem
1144 4047 1254 4103 Catullo

73 4118 165 4188 potius
184 4133 266 4187 quarn
283 4118 402 4187 Vergilio
421 4119 543 4189 dignum,
562 4118 694 4189 scriptum
712 4117 798 4170 estin
816 4118 929 4173 Lucium
948 4118 1083 4189 quendam
1101 4116 1252 4178 cinaedum,

75 4186 122 4253 qui
140 4190 247 4256 poetam
267 4186 407 4256 opprobrio
425 4186 607 4249 lacessiverat,
626 4184 697 4255 quod
717 4186 858 4240 attenuato
876 4188 1063 4256 perVenerem
1074 4185 1102 4237 et
1113 4183 1254 4238 libidinem

76 4268 186 4323 corpore
198 4253 345 4323 fractisque
358 4253 460 4309 viribus
472 4253 590 4308 militare
602 4252 718 4321 amplius
729 4268 782 4305 uon
788 4258 890 4374 posset.
904 4254 960 4309 Hoc
969 4251 1098 4331 emolitur
1109 4265 1164 4305 sse
1173 4251 1254 4319 poeta

76 4320 272 4376 reerimiuando
287 4322 418 4389 pueritiae
435 4321 633 4390 impudicitiam
646 4335 788 4388 moxquea
807 4321 920 4391 ligurito
932 4320 1119 4391 patrimomoe
1139 4319 1255 4372 estatem

76 4391 105 4443 et
123 4389 243 4443 sordes.“
259 4389 333 4444 Haec
351 4390 407 4444 iere
421 4389 511 4459 Hepn.
522 4419 554 4428 -
567 4388 590 4448 1.
610 4389 739 4451 iacere,
759 4389 829 4467 quod
843 4389 946 4458 Heynio
960 4391 1001 4444 est
1019 4386 1108 4455 stipeu
1128 4402 1155 4439 ra
1166 4384 1254 4465 iacere

76 4457 193 4578 apphus
205 4474 258 4511 non
271 4473 357 4526 posse,
370 4457 461 4512 Burm.
470 4457 598 4511 rectinse
633 4455 700 4510 licat
713 4469 819 4519 ,ammo
831 4456 964 4511 deiectum
976 4457 1060 4518 esse,“
1073 4453 1133 4507 cell.
1144 4453 1254 4507 Hemsro

77 4539 94 4578 a

77 4592 206 4662 antiquae
228 4595 256 4647 et
277 4592 371 4662 Meyer
388 4593 497 4662 recepit.
516 4623 549 4632 -
572 4590 599 4652 2.
623 4591 758 4646 coeteri
776 4593 887 4656 freta,
911 4593 943 4644 ut
965 4591 1018 4655 ire,
1041 4604 1147 4642 currere
1170 4603 1252 4651 mure,
1274 4592 1286 4612 ⁶

78 4674 142 4728 pro:
159 4676 207 4731 per
224 4676 306 4716 mare.
333 4660 394 4715 Vid.
412 4660 446 4716 ad
464 4660 529 4716 Aen.
549 4659 669 4725 11L1ar.
684 4687 718 4697 ·-
734 4656 760 4718 b.
779 4659 846 4713 (inm
865 4659 992 4728 antiquae
1010 4656 1089 4712 editt.
1107 4657 1255 4726 praebeant

135 4753 251 4794 usuam.
272 4755 345 4794 rsus
366 4754 412 4795 ιιι.
433 4754 479 4792 nn.
500 4753 544 4795 tv.
1011 4739 1045 4789 16

147 4524 255 4591 clleilI,
270 4528 326 4578 111.
340 4555 372 4566 -
390 4525 587 4596 Propensior
632 4538 694 4592 agn.
709 4522 788 4577 malit
802 4541 922 4594 possiem,
941 4522 1012 4592 quod
1032 4519 1159 4575 exhibent
1175 4519 1253 4576 editt.
1358 4524 1364 4543 ⁶
