2872 5070
244 240 354 307 DISS.
375 240 440 307 DE
461 243 497 308 P.
520 241 654 308 VERG.
674 240 779 309 MAR.
802 241 909 308 VITA
930 242 990 307 ET
1014 240 1147 308 CARM.
1194 260 1280 307 xxlx

111 407 345 473 obtrectatores
395 417 510 491 oetam,
539 410 593 495 qui
619 431 794 495 numquam
824 431 959 474 uxorem
989 407 1092 489 duxit,
1119 408 1281 505 pronioris

110 492 145 554 in
167 512 284 578 pueros
306 489 364 554 libi
390 491 451 555 ‘nis
464 493 505 567 80)
527 491 579 556 vel
602 493 698 557 etiam
721 491 869 557 adulterii
891 513 963 555 cum
990 501 1146 555 matrcms
1167 488 1280 555 nobili·

110 573 172 637 bus
196 574 275 638 facti
288 575 329 651 ⁸¹)
356 575 562 656 incusarunt3
584 574 641 639 alii
664 585 786 654 contra,
807 597 878 639 eum
925 596 1019 639 ueros
1041 573 1114 638 illos
1136 573 1280 637 Socratis

110 679 200 721 more
221 678 348 722 amasse
371 660 564 745 omninoque
585 660 632 723 ita
652 668 775 723 castum
798 669 830 722 et
843 680 887 745 pu
912 660 998 722 icum
1011 658 1111 721 fuisse
1128 657 1281 735 referunt,

10 808 21 818 ,
109 750 145 803 66
167 739 306 827 Neapoli
327 739 521 806 Parthenias
550 741 648 828 vulgo
680 741 973 842 appellaretur⁸²l3
1003 761 1121 828 eosque
1150 742 1281 803 veritati

108 824 246 922 propius
276 823 442 900 accedere,
480 833 609 911 praeter
637 846 816 891 carminum
853 835 1004 889 naturam
1034 833 1066 888 et
1091 831 1282 908 argumenta

116 928 181 970 ram
201 928 284 991 quae
314 906 354 971 de
384 907 547 972 imbecilla
575 911 642 973 eius
670 908 856 973 valetudine
870 910 921 986 ⁸³),
953 906 993 972 de
1020 908 1216 971 continentia
1248 907 1282 969 in
1320 913 1327 928 ⁹

111 992 201 1052 victu
222 999 376 1087 potuque,
407 989 448 1054 de
471 990 645 1056 timiditate
668 1001 700 1056 66
721 991 970 1066 verecundia⁸⁴)
989 988 1170 1072 traduntur,
1198 1011 1281 1054 com·

112 1071 254 1158 probare
279 1072 491 1152 videntur⁸⁵).
540 1073 585 1139 Ut
612 1074 766 1160 denique,
804 1097 887 1161 quae
919 1074 960 1138 de
993 1074 1138 1159 corporis
1174 1072 1281 1156 figura

111 1153 205 1220 nobis
242 1157 458 1231 innotuerunt,
495 1156 697 1231 adiiciamus,
730 1157 848 1244 grandi
872 1158 933 1222 fuit
967 1157 1114 1243 corporis
1145 1165 1281 1237 statura,

112 1237 220 1325 aquilo
244 1241 312 1303 sive
333 1244 423 1305 16666
445 1239 562 1324 colore,
584 1252 615 1306 66
635 1242 720 1306 16616
742 1243 909 1306 rusticana
923 1242 991 1322 81),

192 1321 262 1387 Iam
292 1322 378 1408 quod
406 1325 520 1387 attinet
551 1323 593 1389 ad
629 1326 789 1389 internam
816 1346 983 1410 operum
1012 1320 1281 1407 Vergiliano-

110 1427 195 1468 rum
230 1407 391 1471 rationem
426 1416 457 1469 et
494 1416 661 1489 naturam,
698 1409 838 1492 primum
874 1404 1188 1471 commemorandum
1224 1414 1282 1484 est,

112 1498 253 1574 poetam,
275 1498 310 1552 ut
332 1511 444 1553 omnes
466 1490 596 1554 omnino
630 1500 744 1575 poetas
767 1489 913 1563 Latinos,
944 1491 1089 1552 carmina
1117 1510 1186 1568 sua,
1217 1509 1282 1552 non

112 1570 215 1637 solum
245 1572 273 1636 si
301 1579 545 1655 argumentum,
576 1569 634 1634 666
665 1574 762 1635 etiam
785 1571 813 1634 si
846 1570 984 1635 formam
1012 1578 1206 1655 spectamus,
1239 1568 1282 1633 ad

112 1653 316 1718 Graecorum
335 1651 486 1737 exempla
508 1655 742 1739 composuisse,
774 1674 879 1740 neque
912 1652 975 1718 hoc
1003 1661 1186 1717 contentum
1214 1674 1283 1714 ma·

110 1758 212 1822 gnam
231 1737 329 1799 etiam
352 1737 581 1800 sententiarum
604 1746 730 1823 partem
752 1758 793 1801 ex
814 1737 855 1801 iis
871 1737 1014 1823 petiisse,
1037 1735 1182 1820 adeoque
1203 1735 1282 1800 inte·

135 1965 255 2020 aava
273 1983 309 2036 sq.
328 1971 356 2022 et
372 1967 499 2025 Ribbeck.
518 1968 621 2038 Proleg.
631 1988 659 2050 p.
673 1972 741 2034 99.);
759 1971 842 2024 alium
860 1986 939 2090 porro
958 1968 1045 2024 verbis
1063 1968 1119 2023 illis
1132 1969 1282 2039 Georgicon

144 2037 217 2088 udus
244 2053 305 2097 ara,
332 2052 391 2089 aere
419 2039 509 2090 66666
538 2038 682 2092 subiecisse
713 2039 791 2092 baec:
822 2040 858 2091 66
877 2039 932 2091 ebra
958 2038 1079 2106 friqora
1103 2039 1212 2106 1666666,
1238 2038 1281 2102 (et.

112 2100 240 2155 Ribbeck.
267 2102 284 2156 1.
303 2103 320 2157 l.
352 2107 379 2157 et
405 2103 550 2158 Carvilium
568 2106 702 2175 quendam
730 2106 863 2160 Pictorem
893 2108 980 2158 toturn
1012 2105 1113 2159 librum
1142 2105 1282 2174 scripsisse

111 2170 205 2223 contra
233 2169 316 2224 Aenei
336 2187 390 2251 em,-
416 2172 459 2226 cni
488 2172 587 2227 titulus
609 2173 692 2228 fuerit
718 2174 912 2228 Aeneomastix.
958 2172 1009 2238 (cf.
1035 2173 1067 2227 66
1086 2189 1116 2227 66
1136 2173 1281 2226 Weichert.

110 2236 129 2292 l.
150 2235 169 2292 1.
189 2252 215 2305 p.
234 2239 292 2291 216.
313 2239 341 2292 66
358 2238 483 2294 Ribbeck.
503 2239 520 2294 l.
539 2240 570 2306 l.)
599 2240 700 2296 Contra
711 2242 761 2294 hos
779 2244 869 2295 antem
882 2240 1045 2311 peculiarem
1063 2240 1162 2294 librum
1175 2240 1282 2308 scripsit

108 2304 239 2358 Asconius
262 2305 408 2374 Pedianus,
436 2308 463 2360 in
492 2324 543 2377 qno
574 2309 707 2378 imprimis
732 2309 908 2364 Octavianum
925 2308 1037 2362 Avitum
1067 2324 1128 2361 mox
1157 2310 1224 2360 nota
1241 2311 1282 2361 88.

108 2373 370 2427 commemorandum
383 2374 504 2429 refellere
516 2375 630 2429 studuit.
648 2375 700 2444 (Cf.
714 2377 811 2430 Donat.
824 2381 847 2440 5.
857 2379 899 2430 61.
912 2379 921 2442 (
941 2380 999 2429 ,66
1009 2375 1051 2436 R.)
1063 2375 1146 2443 Heyn.
1161 2375 1194 2429 de
1205 2375 1253 2427 Vir
1274 2414 1280 2428 .

109 2440 261 2509 interpreti.
279 2441 338 2494 Vol.
350 2441 398 2495 IV.
415 2459 441 2511 p.
454 2446 512 2496 913.
533 2443 572 2497 66.
585 2443 633 2497 IV.
651 2444 701 2498 Wa
740 2442 902 2500 ,Weicbert
921 2393 974 2496 ll.
991 2458 1017 2510 p.
1028 2445 1086 2495 214.
1110 2442 1228 2510 Madvig.
1249 2393 1282 2495 sle

109 2507 218 2561 Asconii
235 2507 384 2564 Comment.
403 2527 429 2580 p.
449 2513 473 2566 8.
493 2512 521 2564 66
543 2510 669 2565 Ribbeck.
716 2510 771 2565 role
794 2551 799 2562 .
818 2529 845 2580 p.
863 2514 902 2565 98.
924 2512 951 2564 66
971 2513 1018 2562 166
1036 2525 1103 2578 sqq,
1129 2525 1242 2579 quornm
1260 2527 1281 2564 c.

110 2579 134 2628 8.
152 2579 188 2643 (p.
200 2579 339 2629 66-113.)
358 2579 446 2631 totum
465 2593 480 2631 a
502 2579 524 2630 ’6
541 2578 574 2632 66
594 2527 791 2635 obtrectandi

111 2641 249 2711 Euangelo
262 2644 393 2764 qllacrob.
414 2645 470 2699 Sat.
504 2687 510 2710 ,
533 2651 557 2710 7,
577 2649 612 2712 2.)
632 2649 660 2700 66
676 2646 707 2712 Q.
726 2646 843 2700 Asconio
860 2645 987 2701 Pediano.

790 2595 822 2631 us
840 2577 953 2646 Vergilii
971 2582 1006 2645 (p.
1026 2581 1074 2631 103
1092 2594 1131 2646 sq.
1150 2577 1230 2631 etiam
1250 2577 1282 2630 66

178 2713 221 2776 80)
240 2711 261 2764 C
275 2755 280 2765 .
292 2713 391 2766 Donat.
401 2717 423 2777 5.
435 2715 474 2767 26.
484 2716 520 2783 (p.
530 2719 571 2769 66.
579 2714 620 2779 R.)
631 2715 720 2784 ibique
729 2714 815 2782 Heyn.
827 2714 867 2766 lm
889 2713 963 2767 rimis
973 2712 1099 2766 Cebetem
1108 2712 1153 2780 (61.
1165 2713 1237 2766 Seru.
1248 2711 1285 2766 ad

109 2777 166 2831 Ecl.
179 2778 215 2841 ll,
232 2782 281 2842 16.)
294 2782 322 2833 66
333 2780 514 2834 Alexandrum
527 2782 555 2848 (i.
569 2797 591 2836 e.
604 2782 699 2835 Alexin
712 2781 789 2834 illum
803 2781 857 2834 llcl.
900 2827 903 2835 ,
919 2780 1098 2834 celebratum:
1118 2780 1151 2836 cf.
1165 2779 1282 2833 Martial.

110 2845 185 2913 VlIl,
203 2849 244 2899 66.
263 2847 295 2908 V,
317 2850 356 2911 16,
376 2851 414 2901 12.
434 2848 526 2903 quen.
545 2848 606 2914 VII,
626 2854 657 2903 67
676 2868 689 2903 6
709 2867 735 2919 q.
757 2848 864 2918 Apulei.
882 2847 959 2918 Apol.
979 2848 1000 2910 l,
1022 2850 1061 2900 73.
1084 2847 1182 2901 Donat.
1200 2853 1222 2912 5.
1242 2851 1282 2902 26.

109 2917 150 2968 37.
164 2916 199 2982 (p.
214 2917 253 2967 60.
267 2913 325 2993 RJ)
343 2915 415 2969 Serv.
428 2916 463 2969 ad
482 2915 641 2980 11611616.
661 2866 777 2972 eslans.
795 2915 880 2984 praei.
918 2914 1035 2975 ,xvnt
1055 2915 1191 2969 Socratico
1210 2931 1283 2968 more

109 2997 214 3035 amasse
252 2980 394 3037 erhrbetnr.
424 2982 672 3038 cf.'reuffel.l.1.
710 2987 810 3038 ,2666Ι
829 2985 857 3038 66
874 2983 906 3036 R1
926 2981 999 3036 beck.
1019 2981 1100 3036 Prole
1120 3025 1125 3036 .
1145 2998 1171 3051 p.
1193 2985 1247 3036 166.

177 3052 220 3117 81)
232 2998 375 3117 Ρ1666611616
389 3066 449 3105 cum
462 3050 552 3105 Plotia
564 3051 665 3114 Hieria,
678 3002 743 3106 llari
757 3070 777 3105 s.
792 3050 867 3105 Varii
879 3051 921 3104 sui
934 3064 1022 3111 uxore,
1038 3049 1084 3128 161.
1098 2998 1195 3103 bonai.
1205 3055 1228 3115 5.
1242 3053 1282 3103 21.

109 3117 118 3180 (
141 3160 145 3169 .
164 3120 204 3168 61.
221 3116 265 3181 R)
283 3119 311 3171 et
330 3118 402 3173 Serv.
421 3117 528 3173 661161.
547 3118 598 3181 111,
618 3122 683 3184 21).);
701 3119 771 3188 quod
789 3121 880 3171 tamen
900 3120 995 3171 Areon
1013 3116 1148 3170 Pedianus
1165 3120 1283 3187 negant.

132 3184 276 3238 66166166
296 3184 441 3239 Weichert.
459 3185 491 3239 66
509 3185 591 3238 Vario
630 3230 634 3239 .
656 3190 687 3238 85
705 3204 718 3238 s
738 3202 763 3254 q.
787 3185 899 3238 Teuffel.
924 3187 952 3237 66
969 3183 1096 3235 Ribbeck.
1115 3183 1145 3236 11.
1166 3183 1195 3236 11.

178 3255 220 3317 82)
240 3250 281 3307 cf.
300 3252 399 3306 Donat.
418 3258 440 3317 5.
454 3257 494 3307 22.
515 3255 549 3332 (p.
564 3203 657 3320 6116.)
676 3255 704 3306 66
720 3203 842 3331 Ausonii·
852 3252 935 3305 Cento
954 3254 1036 3329 nupt..
1051 3253 1117 3304 extr.
1145 3250 1196 3330 Sed
1216 3251 1283 3330 haec

109 3320 171 3373 tota
192 3319 285 3373 fabula
307 3337 338 3374 ex
355 3320 412 3374 solo
431 3319 544 3389 Vergibi
560 3320 667 3374 nomine
686 3321 799 3374 conficta
818 3320 931 3384 videtur,
960 3334 1038 3389 quasi
1057 3333 1073 3371 6
1091 3334 1146 3372 voc.
1166 3321 1283 3388 vrrqam'a

109 3388 221 3441 ductum
238 3391 317 3442 66666.
352 3387 393 3442 cf.
413 3388 498 3456 Heyn.
517 3386 552 3441 ad
571 3389 668 3442 Donat.
686 3388 703 3442 1.
723 3388 741 3444 l.
761 3391 789 3441 66
808 3404 840 3441 66
860 3404 891 3441 ra
908 3388 963 3440 not.
986 3391 1006 3441 1.

177 3457 220 3520 83)
237 3455 299 3509 Vid.
323 3473 405 3526 supra
426 3474 452 3526 p.
472 3455 557 3510 XVII.
581 3459 609 3510 et
625 3457 723 3510 Donat
742 3460 765 3520 5.
787 3460 824 3511 19.
841 3404 880 3524 lp.
899 3458 938 3508 66.
956 3455 999 3522 R.)
1025 3453 1085 3508 coll.
1104 3454 1167 3507 Hor.
1186 3455 1283 3520 11661,

110 3527 134 3588 δ’
154 3526 336 3655 48tldlqllonat.
348 3595 370 3655 5.
382 3592 423 3646 22.
437 3593 473 3659 (p.
484 3595 524 3644 61.
536 3590 579 3657 R.)
592 3590 654 3644 coll.
665 3592 752 3645 Klotz.
764 3591 875 3658 Opusce.
888 3608 914 3711 pl.
928 3593 977 3643 212
988 3606 1046 3659 sqq.
1059 3591 1087 3643 et
1096 3589 1199 3644 Herder
1209 3590 1282 3645 Krit.

115 3657 230 3712 Wdlder
240 3657 277 3722 11,
290 3661 313 3714 2.
327 3675 352 3726 p.
368 3661 414 3712 123
428 3674 483 3728 sqq.
512 3658 673 3713 1666661616
687 3659 766 3713 facile
779 3659 890 3713 6661666
914 3660 984 3724 ectu,
1003 3673 1049 3710 cur
1068 3657 1194 3711 16666616
1212 3659 1283 3712 inter
1388 3658 1393 3669 '

109 3726 167 3780 eins
186 3725 301 3779 virtutes
319 3725 429 3780 minime
447 3726 574 3780 enituerit
593 3726 636 3793 (cf.
656 3727 753 3780 Donat
771 3732 794 3792 5.
814 3731 853 3781 26.
871 3731 911 3781 21.
932 3729 968 3794 (p.
981 3728 1022 3778 68.
1034 3725 1077 3789 R.)
1096 3724 1158 3778 coll.
1176 3730 1198 3790 5.
1218 3729 1282 3793 11),

128 3810 189 3848 uam
210 3810 271 3848 uam
302 3793 329 3846 in
359 3793 504 3848 recitandis
535 3794 700 3848 carminibus
733 3795 867 3849 suavitate
898 3792 1126 3863 pronuntiationis
1157 3792 1283 3847 excelluit

108 3870 117 3927 1
146 3811 216 3916 anal.
234 3867 258 3927 5.
276 3865 318 3941 16.
358 3866 421 3941 Ι61.
441 3862 472 3941 R.
492 3860 552 3917 coll.
580 3878 641 3916 cum
664 3864 737 3917 Serv.
763 3862 798 3917 66
820 3863 886 3917 Aen.
911 3861 959 3923 IV,
979 3864 1036 3914 324.
1063 3864 1091 3914 66
1108 3860 1154 3928 VI,
1173 3865 1230 3917 862.
1255 3867 1283 3914 66

110 3931 176 3983 nota
192 3933 233 3985 68.
252 3929 315 3983 burc
333 3878 404 3983 bras.
426 3929 552 3996 6616666).

179 3997 276 4063 86)(11
301 3996 353 4051 loci
369 3998 448 4050 modo
466 3997 537 4052 laud.

178 4067 220 4128 86)
239 4065 300 4119 Vid.
313 4065 411 4118 Donat.
425 4066 450 4133 5.
466 4069 506 4119 19.
520 4069 555 4134 (ρ,
566 4067 605 4119 66.
617 4064 669 4132 R),
681 4064 729 4118 nbi
741 4065 826 4133 Heyn.
840 4065 979 4127 memorat,
993 4063 1061 4117 facie
1074 4061 1228 4116 subrustice
1239 4079 1283 4116 ex·

75 4147 80 4155 ’
108 4132 198 4186 hiberi
208 4132 358 4201 Vergilium
372 4132 441 4186 inter
453 4132 477 4185 si
515 4132 644 4187 aPalatii
658 4132 697 4185 Ca
715 4133 804 4187 itolini
815 4132 886 4212 apud
898 4131 1024 4184 Resainm
1037 4130 1135 4196 (Rossii
1147 4130 1284 4184 Raceolta

108 4201 142 4254 di
158 4200 255 4253 Statue
272 4200 379 4254 66116166
394 4216 421 4251 6.
489 4201 545 4267 11.),
569 4202 597 4255 66
619 4199 674 4253 6116
691 4150 724 4253 lle
741 4200 853 4280 Vergibi
871 4200 908 4253 irn
946 4199 988 4252 ine
1006 4199 1032 4251 in
1052 4214 1183 4252 marmore
1201 4199 1280 4262 (Mus.

110 4267 229 4336 Capitol.
248 4268 271 4335 I,
291 4271 336 4329 2,),
355 4268 382 4320 16
420 4267 522 4330 eminis,
542 4268 570 4321 in
582 4268 671 4321 numia
682 4267 866 4335 (adultermisz
887 4216 1126 4345 cfigEckbelDoct.
1145 4282 1217 4345 num.
1239 4265 1285 4331 IV,

109 4355 134 4406 p.
155 4339 212 4390 361.
232 4338 260 4389 66
277 4335 380 4390 Rasche
398 4283 459 4388 box.
478 4336 517 4389 rei
535 4352 607 4388 num.
629 4336 675 4414 Vl,
697 4340 719 4389 1.
759 4377 764 4388 .
785 4340 834 4390 369
853 4336 921 4404 sqq.)
940 4336 968 4388 66
992 4350 1020 4386 m
1038 4332 1134 4386 (166666
1153 4333 1283 4387 Vaticano

107 4401 503 4526 arsissans-..fl
519 4352 1282 4540 6161661161·16616616·

108 4541 214 4593 Aerati.
242 4539 275 4593 di
297 4538 442 4592 Maatoaa.
465 4536 551 4591 Mani.
577 4541 647 4592 1833.
672 4537 758 4592 Raoul
776 4538 906 4593 Rechette
935 4539 1033 4590 Jouro.
1056 4537 1103 4589 aa
1120 4534 1185 4588 Soc.
1208 4540 1280 4593 1831.

109 4624 136 4677 p.
154 4610 187 4660 68
205 4622 246 4676 66.
275 4605 385 4661 Platner
402 4609 430 4660 66
450 4605 558 4659 Bunsen
576 4605 730 4659 Beselsreib.
749 4624 803 4660 666
822 4607 896 4660 Rom
913 4604 950 4667 ss,
969 4606 993 4657 2.
1011 4621 1038 4672 p.
1059 4601 1166 4657 3160.
1186 4603 1284 4658 Miller

31 4671 47 4687 '
109 4674 306 4741 6661166666,
331 4677 388 4730 134.
419 4676 447 4728 66
471 4672 573 4728 Teuffel
602 4672 622 4727 l.
644 4673 663 4728 l.
682 4689 709 4742 p.
727 4675 801 4728 2618.
