2872 5070
478 258 708 325 AENEIDOS
730 259 814 325 LIB.
836 260 894 324 XI.

102 426 264 490 Monstrat
287 447 380 488 amor
402 447 498 489 verus
520 428 656 512 patriae,
678 434 713 489 ut
732 424 844 490 videre
868 424 1039 491 Camillam
1061 460 1102 470 -

103 508 184 571 Tela
206 531 303 571 manu
325 507 474 593 trepidae
494 509 617 573 iaciunt
636 531 676 574 ae
697 507 815 572 robore
838 508 918 573 duro

105 591 277 677 Stipitibus
300 591 420 655 ferrum
444 592 643 679 sudibusque
664 592 834 656 imitantur
857 591 981 657 obustis

104 675 309 759 Praecipites
333 676 520 820 plrimaeque
541 676 624 740 mori
645 698 705 761 pro
726 674 895 739 moenibus
917 673 1042 738 ardent
1226 683 1276 735 895

185 757 314 821 Interea
368 781 484 822 urnum
506 760 539 822 in
561 758 651 823 silvis
674 759 883 822 saevissimus
904 755 1007 843 inplet

106 961 313 969 ——-—-—-

106 1092 257 1212 11166111
269 1091 1278 1228 6161162666666661666666661666616

106 1232 198 1279 censet
209 1243 225 1279 a
236 1230 326 1294 poeta,
346 1229 377 1280 nt
390 1226 474 1281 subiti
487 1225 591 1280 ardoris
604 1229 789 1281 matronarum
802 1243 884 1281 caasa
895 1228 930 1280 ab
942 1226 1041 1295 insigni
1056 1225 1184 1295 exemplo,
1197 1227 1277 1296 plane

105 1293 139 1347 ad
152 1295 319 1347 excitandam
330 1293 488 1348 muliebrem
502 1294 690 1348 fortitudinem
699 1297 861 1375 comparato,
872 1311 899 1348 re
910 1298 1046 1348 eteretur.
1062 1295 1136 1360 Quae
1148 1295 1277 1363 Wagneri

106 1362 247 1430 explicatio
267 1362 781 1432 66666666661666666661116166ρῇ1,
800 1362 865 1416 haec
883 1311 1052 1416 ainatantis:
1082 1363 1202 1429 „Sensus
1221 1365 1277 1417 est:

104 1437 246 1489 rnmrstrat,
278 1430 370 1498 quales
390 1430 446 1483 sint
462 1430 575 1483 Latinae
592 1433 739 1490 matronae,
758 1448 837 1484 amor
854 1447 934 1483 venta
949 1430 1068 1499 patriae,
1097 1436 1135 1493 nt,
1167 1430 1183 1483 i.
1204 1446 1227 1484 6.
1246 1446 1278 1484 ex

104 1514 166 1615 pua,
196 1498 324 1550 viderant
351 1499 379 1550 in
402 1499 466 1552 urbe
484 1514 534 1551 sua
552 1498 690 1552 mulierem
708 1497 782 1551 illam
801 1514 850 1566 pro
868 1498 934 1550 urbe
953 1500 980 1550 66
997 1501 1078 1566 geute
1097 1502 1277 1565 pugnaturam

123 1565 276 1618 'armillam‘
310 1564 369 1618 Non
399 1570 490 1619 tamen
509 1582 569 1619 cunr
587 1566 680 1619 Iahnio
700 1566 838 1619 adsentior
856 1565 889 1617 W
925 1581 989 1618 nero
1008 1564 1189 1628 contendenti,
1220 1565 1277 1619 sola

103 1633 184 1684 verba
203 1633 343 1685 Monstrat
360 1651 439 1686 amor
456 1651 536 1686 66666
552 1635 664 1703 patriae
680 1634 853 1702 parenthesin
872 1636 900 1686 61
919 1649 976 1686 aere
995 1637 1022 1685 et
1040 1632 1073 1685 66
1092 1632 1185 1685 eirlere
1214 1648 1278 1700 sup·

103 1699 230 1769 plenium
262 1717 318 1753 esse
346 1702 402 1754 tela
420 1719 502 1754 mann
522 1702 672 1765 incientem,
725 1703 777 1754 nod
808 1717 921 1770 sequens
940 1716 1032 1754 versus
1050 1700 1154 1753 doceat.
1188 1700 1276 1753 Immo

102 1768 144 1820 661
154 1767 229 1821 611616
237 1770 348 1837 patriae
356 1777 386 1820 nt
395 1769 579 1822 demonstrare
590 1771 705 1830 videtur,
743 1768 865 1837 argilium
876 1768 942 1821 haec
953 1767 1097 1821 coniuncta
1106 1767 1222 1834 intelligi
1232 1783 1277 1820 66-

105 1835 200 1889 luisse:
232 1840 365 1888 monstrat
383 1853 457 1889 amor
481 1837 593 1903 patriae,
623 1837 699 1890 cuius
719 1837 834 1889 Camilla
851 1840 908 1889 tam
929 1835 1066 1903 egregium
1087 1835 1172 1888 edidit
1190 1852 1277 1889 exem·

103 1903 191 1970 plum,
222 1919 307 1971 66666
338 1904 424 1968 61666,
455 1904 519 1971 6616
546 1905 667 1973 languidi
685 1905 751 1956 insit
768 1905 895 1968 vulgatae
914 1904 1020 1966 rationi,
1053 1905 1140 1956 totum
1170 1919 1277 1956 versum

104 1974 161 2024 892.
180 1971 334 2039 parenthesi
352 1971 508 2025 includenti.
545 1972 682 2042 (Sitpflius,
701 1972 794 2040 Bryce,
813 1972 925 2040 Haupt,
955 1971 1061 2024 Ladew.
1080 1974 1108 2024 66
1125 1970 1277 2039 Conington

103 2038 275 2117 Wagnerum,
305 2037 408 2102 (16666,
440 2038 566 2092 Ribbeck.
594 2043 621 2093 et
640 2040 758 2093 Benoist.
777 2056 827 2092 nos
845 2038 931 2118 secuti
949 2040 1033 2105 sunt.)
1068 2038 1194 2092 Ceterum
1212 2054 1277 2118 saue

103 2106 863 2253 66666661666666666666
879 2106 1276 2253 nannetum

102 2244 147 2294 rat
165 2239 258 2309 Wagn.
293 2241 396 2295 Peerlk.
461 2259 484 2294 rs
515 2243 640 2295 omnibus
669 2242 808 2296 decausis
828 2242 1032 2308 huncversum,
1063 2241 1277 2310 6666661666-

103 2308 207 2371 1666166,
226 2308 294 2361 nihil
312 2310 448 2362 insuavius
466 2309 580 2388 cogitari
599 2309 693 2377 possit,
712 2310 833 2379 spurium
851 2311 951 2374 666666,
971 2313 999 2362 66
1017 2308 1166 2377 Vergilium
1185 2309 1276 2389 potins

102 2376 141 2428 M
164 2394 244 2429 enzer
258 2395 287 2445 p.
306 2384 330 2429 et
346 2378 434 2431 virtue
451 2378 553 2430 invecta
572 2376 705 2429 Camillae
723 2376 764 2429 661
783 2376 825 2429 M.
844 2394 922 2429 amar
938 2394 967 2445 p.
986 2383 1011 2428 el
1028 2377 1169 2428 morientia
1186 2394 1276 2442 imago

104 2442 238 2497 Camillae
257 2445 420 2511 scripturum
440 2444 523 2498 faiam
540 2444 705 2513 suspicatum
724 2442 831 2496 Ladew.
846 2459 917 2507 vero,
936 2443 981 2510 661
999 2443 1072 2511 prius
1091 2443 1274 2496 coniecturam

103 2526 180 2564 suam
207 2520 237 2564 at
252 2513 346 2564 videre
363 2513 457 2578 sapam
475 2511 553 2565 illam
574 2512 602 2564 iu
620 2515 774 2564 contextum
793 2511 930 2628 receperat
948 2512 1041 2578 (quam
1057 2511 1115 2563 iure
1132 2510 1276 2578 impugnat

103 2578 198 2647 Wagu.
219 2579 246 2631 in
264 2578 333 2632 Phil.
349 2578 441 2646 Suppl.
460 2580 482 2632 1.
503 2595 528 2646 p.
547 2580 628 2646 tta),
647 2577 675 2630 iu
693 2581 791 2631 recent.
810 2576 873 2630 edi.
894 2583 966 2630 recte
984 2576 1018 2631 ad
1031 2577 1113 2632 Codd.
1133 2577 1276 2632 lectionem

105 2662 226 2700 reversus
245 2650 295 2713 est,
325 2650 416 2699 tamen
434 2646 531 2725 locum,
558 2646 604 2715 qni
622 2645 759 2700 commode
777 2644 905 2723 explicari
922 2660 975 2697 666
994 2645 1088 2724 possit,
1119 2648 1277 2765 corruptum

105 2717 203 2768 censet.
240 2714 281 2769 Cf.
311 2714 393 2767 etiam
442 2730 492 2767 nae
523 2731 549 2766 m
582 2712 701 2783 Appeud.
733 2730 758 2782 p.
778 2717 836 2766 268.
867 2713 1026 2781 disputavit.
1045 2745 1075 2753 -
1095 2713 1168 2775 893..
1211 2713 1277 2767 'ela

103 2800 198 2834 mana
215 2782 359 2842 iaciant,
379 2783 410 2834 nt
424 2731 460 2847 l,
479 2785 535 2835 261.
570 2780 622 2834 Pro
641 2782 704 2835 telis
722 2798 784 2834 vero
805 2781 885 2834 etiam
903 2783 1019 2834 utuntur
1047 2782 1186 2850 stipitibus
1215 2780 1277 2835 duri

102 2849 205 2904 roboris
234 2853 262 2903 66
291 2849 404 2902 sudibus
433 2848 575 2917 praeustis.
609 2849 671 2903 Vid.
698 2848 732 2902 ad
750 2849 811 2914 VII,
830 2854 887 2903 524.
906 2874 940 2887 -
957 2850 1115 2919 trepidae
1136 2849 1215 2904 aliter
1232 2866 1276 2903 ex-

102 2917 265 2986 plicandum,
282 2920 363 2985 66666
381 2916 452 2970 iufra
470 2934 493 2969 v.
512 2921 569 2970 589.
590 2919 617 2970 66
635 2932 717 2986 supra
733 2917 767 2981 X,
784 2919 855 2982 aaa,
875 2918 917 2970 est
934 2917 1005 2970 enim
1024 2918 1042 2972 i.
1061 2934 1086 2986 q.
1104 2916 1275 2981 festinantes,

103 3001 192 3038 morae
220 2984 394 3051 impatientes
437 2985 478 3038 01.
497 2985 558 3038 Gen.
577 2984 624 3052 IV,
641 2988 683 3038 69.
716 2986 805 3037 corda
835 2984 906 3038 bello
932 2984 1102 3054 trepidantia
1119 2985 1210 3053 ibique
1228 2983 1276 3037 ad-

103 3055 172 3106 uott.
190 3082 223 3090 —
241 3055 362 3105 robore
381 3053 475 3107 dero.
493 3052 533 3105 De
551 3052 601 3105 hoc
618 3050 743 3106 Ablativo
761 3051 890 3105 materiae
907 3050 961 3106 vid.
981 3051 1015 3105 ad
1033 3053 1056 3118 Ι,
1078 3055 1132 3106 lot.
1152 3053 1220 3118 (655.
1238 3051 1275 3114 Π,
1308 3055 1312 3066 ’

104 3123 160 3172 165.
191 3119 246 3177 all.
265 3149 298 3159 -
315 3119 380 3180 894.
410 3121 548 3173 sudibus
576 3120 710 3172 abactis.
757 3118 798 3172 01.
826 3118 888 3183 Vll,
918 3121 976 3171 506.
1006 3126 1081 3172 terre
1109 3120 1213 3171 obtato.
1242 3148 1275 3157 —

104 3186 170 3247 895.
200 3188 431 3257 Praecipites,
450 3191 481 3241 66
500 3187 671 3256 trepidae,
689 3185 888 3239 festinationem
908 3202 939 3238 ac
957 3185 1077 3238 studium
1096 3184 1224 3239 declarat.
1243 3215 1277 3225 —

100 3273 166 3324 pro
187 3257 357 3309 moenibus
374 3256 469 3318 mori,
487 3254 581 3308 urbem
599 3253 773 3308 defendentes
791 3253 866 3307 mori.
886 3253 926 3306 01.
947 3252 1049 3306 adnati.
1069 3251 1103 3305 66
1116 3253 1152 3314 II,
1167 3256 1226 3305 234.
1245 3282 1279 3291 -

103 3326 227 3376 ardent
244 3340 275 3377 ex
293 3323 449 3377 melioribus
469 3322 546 3378 libris
569 3322 651 3387 (iuter
668 3338 735 3389 6666
752 3320 822 3374 Med.
841 3336 858 3374 a
875 3337 909 3376 m.
929 3337 969 3389 pr.
989 3323 1018 3373 et
1035 3319 1115 3375 (1661
1136 3337 1185 3389 pre
1202 3320 1276 3389 vulg.

103 3393 207 3444 aadent
225 3392 325 3461 recepit
343 3391 476 3444 Heinsius.
512 3389 698 3468 Peerlkampio
716 3394 817 3455 tamen,
836 3388 882 3457 qui
901 3387 1005 3442 confert
1022 3387 1068 3449 IX,
1089 3390 1156 3452 tta,
1174 3390 1278 3442 eadent

103 3457 136 3511 66
155 3458 264 3512 feminis
281 3459 389 3513 suavius
406 3460 509 3512 dietum
527 3457 914 3525 videtur,1dquerecepemnt
935 3456 1033 3524 Haupt.
1054 3458 1082 3509 et
1098 3455 1173 3523 prius
1191 3456 1277 3511 etiam

103 3524 220 3585 Ladew.,
239 3527 285 3595 qui
306 3531 397 3582 tamen
415 3524 530 3594 posted
549 3526 663 3580 alteram
680 3524 821 3578 lectionem
839 3522 928 3578 rediit.
963 3523 1014 3591 (01.
1033 3524 1113 3577 etiarn
1134 3524 1229 3593 Wagn.
1247 3525 1276 3578 in

105 3592 176 3646 Phil.
195 3594 288 3663 suppl.
308 3595 330 3649 1.
349 3612 375 3663 p.
394 3597 461 3653 aot..
485 3592 531 3662 qui
549 3593 581 3647 de
599 3593 797 3647 constructione
815 3608 876 3646 cum
893 3592 947 3645 Ini.
967 3593 1072 3645 confert
1088 3592 1134 3654 IV,
1154 3595 1210 3647 261.
1230 3611 1276 3647 ar·

103 3662 149 3713 det
165 3662 243 3714 adire
254 3663 350 3730 sapa.)
368 3693 402 3701 -
419 3660 484 3722 896.
513 3661 734 3715 saevissimae
763 3659 946 3725 nuntianti.
966 3675 988 3714 6.
1007 3676 1049 3713 res
1066 3660 1202 3722 nuntiata)
1224 3661 1279 3713 in·

100 3729 175 3796 plat
192 3727 257 3794 (vid.
276 3730 310 3782 ad
328 3729 375 3793 IV,
396 3732 464 3791 169.)
483 3731 628 3782 Tar-nam
652 3727 782 3794 (animum
800 3727 987 3781 Γ1666166666)
1005 3729 1128 3797 occupat,
1146 3729 1277 3796 pereutit)

103 3796 139 3846 in
168 3795 281 3857 siluis,
311 3797 433 3866 quitum
451 3797 480 3850 in
499 3796 573 3850 silvis
590 3797 761 3859 versabatu13
792 3810 874 3864 quare
891 3793 1069 3864 Praepositio‚
1118 3811 1180 3849 uam
1217 3795 1278 3850 auci

105 3861 216 3930 quidam
234 3862 317 3918 Codd.
347 3865 485 3928 omittunt,
516 3865 610 3918 abesse
634 3880 685 3917 uon
706 3865 805 3932 potest.
839 3863 959 3933 Implere
976 3865 1067 3916 autem
1119 3879 1181 3932 agn.
1198 3813 1278 3918 66666

105 3928 243 3982 interdum
274 3930 397 3985 absolute
428 3932 482 3986 dici
499 3932 532 3987 de
550 3948 589 3994 eo,
620 3931 696 3985 auius
714 3931 820 3984 animus
838 3930 994 3985 661666616
1012 3930 1111 4000 611666,
1143 3931 1275 3997 6616666,

104 3997 145 4051 661
174 3997 247 4050 lama
267 3997 306 4051 ita
323 3999 500 4067 percutiatur,
531 4002 562 4053 ut
580 3999 624 4053 vel
640 3998 821 4068 perturbetur,
850 3999 895 4052 661
911 4000 1029 4066 stupeat,
1059 3998 1101 4052 661
1120 3998 1275 4065 admiretur,

103 4065 144 4118 661
163 4065 216 4118 6116
235 4065 479 4134 modoatfioiatu13
498 4067 558 4121 coll.
577 4067 637 4121 Val.
657 4066 698 4119 Fl.
714 4065 751 4130 Π,
770 4068 819 4119 369
838 4082 877 4134 66.
896 4069 923 4120 66
939 4065 1016 4120 Ouid.
1033 4065 1159 4130 1666111,
1174 4068 1221 4119 164
1235 4081 1276 4135 66.

103 4134 132 4186 66
151 4136 199 4186 665
217 4150 268 4201 66.,
300 4132 396 4202 661666
422 4133 491 4188 6666
508 4135 573 4188 Hor.
634 4177 639 4187 .
658 4133 696 4200 11,
714 4136 738 4195 l,
758 4135 815 4186 212.
835 4133 951 4188 6616666
970 4133 1031 4187 Silii
1049 4149 1065 4186 a
1081 4131 1189 4185 Ladew.
1209 4131 1276 4186 alla·

102 4199 499 4266 tos,111,45.et‚v111,1tt.
533 4201 612 4255 Peerl
659 4204 759 4264 autem,
786 4199 830 4254 661
847 4201 897 4254 hoo
913 4201 1024 4254 nuntias
1040 4200 1127 4269 inplet
1145 4199 1276 4268 Tannum,

103 4267 227 4323 Genitivo
246 4268 287 4321 vel
305 4267 428 4320 Ablativo
448 4267 486 4321 rei
503 4284 556 4322 non
576 4268 677 4335 addito,
708 4284 762 4337 qua
779 4267 934 4336 impleatur,
963 4268 1042 4337 plane
1072 4282 1125 4320 nou
1149 4266 1276 4321 Latinum

103 4335 217 4396 videtur,
234 4335 322 4389 laeum
340 4338 496 4404 corruptum
514 4337 543 4390 66
560 4335 657 4390 vitium
676 4336 778 4389 16666.
798 4337 972 4390 comissimus
988 4334 1104 4389 residere
1122 4336 1210 4401 putat,
1228 4351 1276 4405 pro

104 4419 156 4472 666
174 4404 221 4457 6111
239 4403 321 4457 0666.
341 4402 525 4465 maneamne,
554 4402 602 4456 6111
619 4403 772 4458 mannae
788 4403 938 4458 exhibeant.
973 4403 1118 4457 Praeterea
1136 4403 1276 4467 memorat,

103 4471 222 4538 potuisse
240 4471 389 4540 Vergilium
420 4469 533 4524 scribere
552 4472 674 4525 Teanam
700 4471 729 4523 in
757 4471 837 4525 661616
860 4470 1029 4543 formidinis
1054 4468 1140 4538 inplet
1155 4469 1278 4524 Nantiroe

104 4538 272 4594 6611616666
301 4539 390 4594 archita
418 4537 505 4592 sileae
522 4538 695 4592 enimenin
712 4538 799 4610 inplet
814 4539 944 4599 Nuntius,
977 4544 1002 4590 et
1019 4536 1115 4590 Turno
1133 4538 1198 4600 etc.;
1229 4536 1277 4592 666

104 4605 175 4726 prid·
198 4624 259 4687 vere
288 4606 435 4687 scripserit,
466 4622 519 4660 non
542 4606 594 4686 nisi
612 4623 651 4687 ⁰3.
660 4606 816 4663 melioribus
834 4606 915 4661 Codd.
935 4604 1066 4673 cognosci,
1087 4606 1145 4685 ‚aut
1162 4607 1277 4660 16666666

117 4673 177 4727 ehcr
208 4674 299 4745 ahqua
327 4678 481 4743 comeatum
510 4691 542 4730 ex
570 4674 653 4729 sumh
686 4675 745 4728 loco
774 4675 839 4728 Aen.
868 4673 921 4736 XI,
950 4677 1008 4726 tat.
1038 4688 1095 4727 666
1126 4689 1212 4743 posse.
1242 4703 1277 4716 -
