2872 5070
165 253 200 299 νι
364 231 636 299 PROOEMIUM
657 232 890 299 EDITIONIS
913 230 1138 313 QUARTAE.

164 408 236 466 rate
256 397 376 464 contuli
398 408 428 463 ct
452 399 612 484 excerpsi,
635 397 853 463 Weidncri
872 409 980 464 autem
993 396 1220 464 commentario
1248 399 1336 461 omni

164 481 262 548 laude
284 480 474 568 dignissimo
487 482 539 561 ³⁴),
561 483 615 567 qui
636 481 767 567 prodiit,
791 505 854 569 quo
875 493 1022 568 tempore
1039 501 1158 564 magna
1171 501 1249 564 pars
1264 479 1337 543 Vol.

165 566 207 631 Π.
229 564 327 629 buius
355 564 430 629 edit.
451 565 517 627 iam
544 564 634 649 typis
661 563 826 650 descripta
846 577 932 644 erat,
961 586 1011 627 me
1040 564 1087 626 uti
1107 583 1172 626 non
1192 564 1336 646 potuisse

164 647 371 712 vehementer
384 645 486 711 doleo.
509 645 605 723 (Vide
620 658 729 711 tamen
751 647 913 712 Addenda
935 647 976 712 ad
992 645 1062 711 Vol.
1081 644 1136 721 II.)
1158 645 1335 710 Praeterea

165 753 242 797 vero
278 731 374 796 etiam
411 730 666 816 praestantiores
704 728 841 796 aliorum
877 740 1043 817 poetarum
1076 737 1108 792 et
1141 728 1336 813 scriptorum

160 813 257 879 Rom.
280 812 437 878 editiones
458 811 693 877 recentioribus
714 813 914 898 temporibus
935 815 967 875 in
989 810 1092 875 lucem
1120 811 1271 884 emissas,
1302 821 1337 875 ut

144 896 310 973 ‚Lucretii
336 918 356 960 a
381 895 705 977 Lachmann0³⁵),
738 896 844 960 Plauti
872 919 891 959 a
918 894 1125 971 Ritschlio,
1159 893 1290 957 Horatii
1317 917 1337 958 a

164 979 332 1054 Ritterc,
360 979 424 1042 Pro
450 979 524 1042 ertii
550 977 592 1041 ab
620 976 910 1064 Hertnbergio,
944 977 1043 1041 Ennii
1073 1000 1093 1040 a
1124 975 1336 1054 Vahlcnio‚

164 1060 326 1126 Macrobii
356 1060 398 1125 ab
426 1000 522 1126 lano
550 1069 697 1144 curatas,
724 1061 878 1147 Ungcri
908 1060 1025 1125 librum
1050 1058 1091 1124 dc
1111 1057 1230 1157 Valgio
1251 1059 1335 1125 Ruso

167 1154 226 1210 etc.
243 1143 415 1243 diligenter
438 1145 577 1230 inspexi,
600 1143 734 1226 atinde,
758 1165 842 1230 quae
863 1142 907 1209 ad
929 1142 1074 1229 singulos
1091 1142 1228 1227 Vergrlii
1245 1141 1334 1206 locos

165 1229 283 1292 rectius
304 1226 568 1313 interpretandos
584 1225 738 1308 valerent,
753 1249 971 1313 excerperem,
994 1247 1189 1312 quamquam
1207 1227 1335 1290 termini

166 1309 300 1374 editioni
318 1331 410 1373 meae
431 1309 528 1396 positi
552 1310 602 1374 his
624 1309 771 1374 omnibus
787 1309 942 1374 subsidiis
964 1331 1017 1391 eo,
1039 1331 1102 1395 quo
1117 1306 1243 1389 vellem,
1267 1331 1336 1372 am·

165 1391 236 1457 bitu
257 1403 289 1457 et
311 1394 497 1478 integritate
518 1393 565 1456 uti
585 1392 663 1456 mihi
687 1415 752 1458 non
781 1393 1008 1479 permiserunt.
1029 1391 1069 1455 In
1090 1392 1172 1477 ipsis
1195 1391 1333 1476 Vergilii

165 1473 276 1540 verbis
303 1498 344 1540 ex
367 1477 564 1560 optimorum
587 1474 743 1542 Codicum
766 1477 958 1540 auctoritate
984 1472 1212 1556 emendandis,
1240 1476 1334 1539 novis

168 1556 322 1622 subsidiis
345 1559 467 1622 criticis
490 1567 618 1644 praeter
638 1560 748 1623 varias
770 1557 925 1623 lectiones
946 1556 1082 1621 Henrici
1111 1556 1338 1622 benevolentia

166 1663 291 1705 mecum
319 1641 624 1717 communicatas³⁸)
654 1663 788 1726 prorsus
820 1640 1007 1722 destitutus,
1035 1639 1222 1726 plerumque
1244 1663 1336 1726 prae-

168 1725 400 1787 stantissimam
422 1722 595 1788 Ribbeckii
616 1725 837 1789 recensionem
857 1734 985 1788 secutus
1006 1745 1087 1799 sum,
1111 1721 1213 1786 libero
1229 1733 1337 1787 tamen

166 1805 287 1870 iudicio
316 1828 387 1871 meo
415 1829 493 1871 usus
521 1804 630 1871 multis
652 1808 749 1872 etiam
778 1808 811 1870 in
838 1805 918 1871 locis
946 1806 988 1870 ab
1014 1828 1051 1871 eo
1084 1805 1236 1887 discessi,
1264 1828 1337 1870 cum

166 1887 220 1953 hic
244 1889 296 1954 vir
335 1888 538 1954 doctissimus
565 1899 597 1953 et
629 1891 861 1975 sagacissimus
899 1889 1007 1954 studio
1041 1888 1181 1976 quodam
1210 1890 1338 1953 rariora

167 1979 199 2035 et
221 1972 432 2052 insolentiora
464 1970 610 2036 sectandi
636 1971 751 2036 ductus
771 1971 871 2037 multo
899 1972 995 2059 plura
1016 1982 1158 2036 mutasse
1180 1972 1338 2053 videatur,

169 2076 267 2142 quam
285 2076 368 2141 opus
393 2067 471 2120 crat.
494 2054 685 2120 Carminum
709 2058 868 2119 minorum
892 2064 1077 2120 contextum
1107 2053 1276 2140 permultis
1303 2056 1336 2118 in

166 2135 248 2201 locis
271 2138 456 2211 immutavi,
478 2136 659 2224 Hauptium
680 2139 884 2225 potissimum
908 2148 938 2202 et
963 2137 1098 2202 eundem
1120 2137 1337 2202 Ribbeckium

168 2229 314 2296 secutus,
336 2222 405 2367 ipse
427 2230 535 2286 autem
558 2243 578 2284 a
598 2222 692 2287 novis
716 2221 908 2286 coniecturis
931 2220 1089 2296 abstinui,
1114 2243 1251 2308 quarum
1273 2222 1338 2285 iam

167 2302 264 2368 nimis
292 2316 411 2368 mutae
434 2304 582 2390 prolatae
611 2313 700 2385 sunt,
731 2327 804 2368 cum
831 2327 909 2370 sane
936 2304 1018 2368 haec
1051 2305 1197 2369 carmina
1229 2327 1338 2369 corru-

167 2386 319 2472 ptissima
340 2386 466 2469 largam
488 2386 669 2473 praebeant
691 2388 892 2451 coniectandi
920 2391 1132 2453 occasionem.
1176 2387 1273 2467 Quod
1295 2386 1339 2450 ad

167 2468 433 2556 orthographiam
461 2472 590 2545 attinet,
619 2471 653 2532 in
682 2469 790 2534 multis
842 2471 949 2535 uidem
980 2469 1149 2535 vocabulis
1175 2469 1336 2546 Ritschlii,

166 2549 385 2630 Lachmanni,
407 2551 641 2633 Fleckeisenii,
668 2551 830 2618 Brambac
857 2555 879 2618 'i
900 2553 1101 2641 aliorumque
1122 2556 1338 2618 recentiorum

166 2643 343 2782 ppaecepta
364 2637 575 2721 respicientes
597 2658 683 2700 nunc
704 2638 918 2721 antiquiorem
937 2635 1101 2702 scribendi
1116 2639 1273 2702 rationem
1295 2659 1337 2700 ex

203 2718 313 2783 ediceo
335 2721 536 2804 potissimum
565 2717 648 2783 libro
672 2721 911 2803 revocavimus,
933 2742 1044 2785 omnes
1074 2731 1182 2785 tamen
1194 2720 1336 2785 archais-

166 2872 376 2882 —-.--.-.

200 2970 243 3035 34)
267 2968 438 3023 Cbmnaeatar
465 2984 499 3020 aa
527 2965 642 3035 Veryel'o
657 2967 758 3022 Aeneia
779 2968 860 3021 Buelt
888 2967 912 3023 1.
940 2985 966 3023 a.
991 2967 1031 3021 II.
1059 2986 1112 3022 oon
1137 2968 1172 3022 A.
1201 2967 1339 3022 Weidner.

166 3035 255 3105 Leipz.
276 3038 347 3090 1869.
367 3065 395 3074 κ-
414 3033 506 3087 Etiam
524 3033 665 3103 I’oelrle‘qii
685 3036 771 3090 aeia.
790 3054 839 3089 arar
859 3035 954 3090 Km'tv’k
982 3055 1007 3091 u.
1033 3035 1151 3091 Erbldr.
1179 3053 1232 3089 voa
1259 3035 1338 3104 Vcry,

167 3104 235 3157 Aen.
255 3103 316 3158 Lib.
334 3103 358 3156 I.
378 3101 502 3156 Smerdul.
522 3104 595 3155 1871.
613 3107 636 3156 l.
657 3102 770 3173 aliisque
792 3102 953 3173 quibusdam
976 3103 1077 3159 libellis
1096 3100 1188 3158 eadem
1206 3101 1239 3157 dc
1257 3118 1340 3158 causa

165 3170 283 3225 nondum
304 3170 371 3224 mihi
388 3169 466 3223 licuit
486 3168 534 3222 uti.

201 3240 244 3304 35)
262 3237 314 3292 Cui
331 3239 386 3292 viro
405 3235 591 3299 meritissimo,
615 3238 746 3307 quantum
765 3237 798 3291 ad
818 3254 860 3292 me
878 3238 992 3301 attinet,
1012 3237 1114 3293 dudum
1132 3236 1280 3292 condonavi
1297 3236 1339 3290 in·

167 3304 311 3359 solentiam
328 3305 406 3359 illam
417 3307 452 3383 'et
463 3303 699 3367 inhumanitatem,
718 3321 772 3375 qua
789 3322 895 3360 menon
913 3306 1002 3362 miuus
1016 3323 1096 3376 quam
1110 3305 1337 3426 Haverlrampurn,

166 3372 369 3440 Wakefieldum,
392 3371 588 3435 Erehstadium
606 3372 744 3439 Orellium,
763 3373 830 3427 alios
842 3376 979 3441 tractavit,
1000 3390 1061 3428 cum
1079 3372 1135 3441 ipse
1147 3389 1217 3427 nunc
1234 3371 1268 3426 do
1279 3388 1338 3426 eam

169 3439 314 3496 iuvenilem
331 3439 475 3495 audaciam
498 3456 598 3507 meam,
622 3455 675 3509 qua
697 3442 760 3495 aute
782 3441 832 3496 hos
849 3441 936 3495 XLVI
959 3458 1043 3495 anuos
1062 3439 1193 3494 Teubneri
1216 3439 1339 3510 precibus

167 3508 263 3563 cedens
285 3508 315 3562 C.
338 3507 433 3563 Beiero
455 3523 565 3562 suasore
586 3507 687 3561 accessi
711 3508 746 3562 ad
769 3525 784 3562 o
805 3526 835 3562 ns
856 3511 915 3562 tam
938 3508 1060 3569 difficile,
1084 3507 1162 3577 qualo
1188 3511 1252 3562 tune
1279 3510 1339 3562 erat

166 3576 287 3631 Lucretii
304 3575 387 3631 editio
406 3575 507 3637 critica,
527 3591 688 3645 quamquam
709 3592 762 3630 non
780 3526 924 3631 defuerunt
941 3575 993 3630 viri
1011 3575 1096 3639 docti,
1122 3575 1167 3645 qui
1189 3573 1339 3645 perieulum

166 3661 256 3700 meum
282 3660 336 3698 non
360 3643 432 3697 omui
453 3642 533 3697 laude
556 3642 696 3712 indignum
727 3646 881 3711 censerent,
933 3643 986 3697 uod
1017 3659 1080 3697 saue
1104 3643 1135 3698 C.
1149 3643 1339 3698 Lachmanuus

165 3728 218 3792 non
238 3711 306 3792 satis
319 3711 412 3832 potuit
422 3710 530 3791 mirari,
540 3726 625 3791 ¹quem
637 3711 703 3791 adeo
713 3710 903 3790 celeberrimus
945 3711 1067 3765 itsclrlius
1080 3710 1191 3780 Opuscc.
1203 3711 1239 3766 II.
1247 3715 1339 3780 pell.

168 3796 304 3926 ’'niglucni.
322 3795 404 3927 oblili
421 3779 1016 3927 lddhorllllglldfflleliernldootiddlmpiiaeter
1032 3845 1115 3900 libros
1138 3845 1268 3926 scriptos,
1281 3846 1340 3926 ,qui

166 3915 193 3969 in
213 3916 310 3970 extens
330 3916 409 3969 terns
427 3917 608 3978 asservantur,
627 3931 655 3967 m
673 3914 732 3969 sola
744 3914 890 3969 Germania
901 3917 994 3968 nostra
1012 3917 1041 3968 ct
1052 3913 1239 3969 Helvetranon
1252 3931 1339 3969 nnnas

185 3999 247 4037 uam
259 3981 322 4036 LIX
334 3980 446 4050 Vergilii
458 3982 577 4044 codices,
596 3985 653 4037 tres
665 3982 812 4046 audianos,
831 3986 887 4036 tres
905 3983 973 4037 alios
985 3981 1236 4052 Guelpherbitanos‚
1255 3998 1339 4036 unum

165 3999 424 4114 helmstadiensem,
448 4066 531 4103 unum
553 4050 802 4118 Hamburgensem‚
827 4052 885 4105 tres
902 4049 1103 4119 Rehdigeranos
1127 4049 1340 4119 (Vratislaviao),

167 4116 220 4172 duo
238 4117 405 4196 Lipsienses,
423 4133 503 4172 unum
523 4117 712 4184 Dresdensem,
731 4120 847 4237 ‹puatuor
864 4116 1011 4180 Gothauos,
1030 4120 1135 4188 septem
1155 4118 1338 4181 Monaceuses,

167 4189 227 4238 octo
246 4184 479 4251 vindobonenses,
504 4202 587 4240 unum
607 4186 634 4239 in
654 4200 735 4239 coeno
756 4184 781 4239 io
799 4185 984 4256 Neoburgensi
1001 4186 1076 4241 iurta
1093 4184 1280 4239 vindobonam
1298 4185 1341 4239 iu-

167 4255 289 4316 ventam,
314 4252 366 4308 duo
382 4253 610 4321 Bambergeuses‚
634 4269 717 4306 uuum
737 4253 764 4307 in
783 4253 912 4309 Bavariae
930 4270 991 4309 arce
1009 4252 1200 4310 Weisseustein
1218 4269 1341 4307 asserva·

166 4320 234 4384 tum,
253 4319 305 4374 duo
322 4321 511 4391 Erlangenses,
532 4323 647 4391 quatuor
660 4319 832 4385 Basilienses,
851 4322 940 4378 decem
954 4323 1103 4378 Bemenses
1123 4323 1150 4373 et
1168 4336 1213 4373 sex
1227 4320 1341 4390 Sangal-

167 4386 268 4455 lenses,
292 4405 401 4458 qnorum
428 4390 548 4444 omnium
575 4388 664 4442 varias
685 4388 812 4443 lectiones
834 4389 905 4443 inL
935 4390 990 4446 fere
1014 4388 1140 4444 Aeneidis
1158 4388 1253 4443 I-Vl.
1271 4388 1339 4442 locis

168 4454 219 4508 viri
242 4456 396 4511 amicissimi
417 4455 619 4513 benevolentiae
638 4454 733 4520 deboc,
760 4473 828 4526 quas
850 4459 901 4512 etsi
918 4460 1074 4528 neutiquam
1103 4454 1220 4523 neglexi,
1244 4457 1341 4511 all'erre

168 4524 259 4577 tamen
276 4523 408 4590 dubitavi,
429 4541 462 4578 ne
483 4523 569 4593 ipsius
582 4524 702 4594 amplum
719 4526 939 4580 commentarium
956 4543 1017 4580 mox
1035 4523 1245 4592 exspectandum
1262 4542 1340 4593 prae·

170 4604 333 4674 occuparem,
352 4592 499 4713 Evulpavit
516 4607 586 4645 nunc
606 4607 743 4647 recensum
757 4594 875 4648 omnium
886 4594 968 4649 Codd.
987 4611 1004 4648 a
1022 4608 1051 4647 se
1061 4592 1220 4646 collatomm
1235 4592 1262 4645 in
1277 4591 1341 4647 libri

169 4658 307 4715 Aeneaden
325 4677 425 4729 mscrrp
440 4677 449 4713 1
467 4658 526 4714 Vol.
544 4659 566 4714 1.
584 4676 610 4729 p.
629 4660 759 4717 xr-Lx.
