2872 5070
124 269 174 316 xu
332 246 604 316 PROOEMIUM
624 244 858 314 EDITIONIS
879 243 1085 310 TERTIAE.

124 417 191 482 alia
211 439 237 482 e.
259 439 292 502 g.
304 417 449 482 Lucretii
465 437 573 491 causa,
598 415 640 480 de
655 415 745 480 cuius
760 414 794 478 in
807 411 871 477 hoc
884 434 1003 498 genere
1021 413 1148 477 ratione
1170 412 1295 498 egimus

126 500 161 565 in
183 501 291 565 Praei.
314 500 464 566 editionis
493 508 625 563 nostrae
652 521 683 584 p.
705 497 739 561 X
762 518 831 582 sqq.
839 545 848 578 ,
875 518 980 583 neque
1001 497 1118 574 omnia,
1162 517 1223 560 uae
1240 495 1296 561 ille

128 605 246 649 cassae
266 591 298 648 et
319 583 484 650 obsoletae
497 583 653 647 orationis
665 581 810 645 imitator
831 601 874 644 ex
884 579 1011 655 Naevii,
1031 578 1140 661 Ennii,
1188 580 1296 644 acuvii

127 676 237 733 aetate
259 668 414 753 arripuit,
446 667 480 731 in
504 665 700 751 politissima
722 674 753 728 et
773 661 970 727 nitidissima
989 662 1122 747 Virgilii
1150 663 1296 729 carmina

124 750 299 816 transferri
319 757 466 849 possunt.
507 747 561 812 Ab
583 747 645 813 hac
668 757 756 812 certe
778 744 928 827 editione,
951 746 1002 811 cui
1022 744 1084 810 hoc
1106 746 1175 811 fere
1196 768 1296 811 unum

126 842 176 899 est
222 844 419 933 roposrtum,
452 841 487 895 ut
516 829 688 895 iuvenibus
714 831 883 894 literarum
913 828 1066 894 studiosis
1088 828 1233 894 adiutrix
1255 831 1297 893 sit

125 918 160 981 in
211 915 374 1003 irgrlianis
397 912 597 980 carminibus
617 913 733 978 melius
755 911 984 998 intelligendis,
1008 911 1165 977 eiusmodi
1188 912 1296 1012 spino-

127 1023 183 1065 sas
218 1010 250 1064 et
284 999 386 1064 taedii
421 997 534 1085 plenas
563 997 805 1085 disquisitiones
836 995 1108 1144 orthographicas
1135 1017 1297 1061 nemmem

126 1082 365 1169 postulaturum
388 1104 460 1146 esse
483 1105 497 1146 s
523 1103 588 1147 ero.
633 1080 699 1162 Qui
720 1079 799 1145 talia
819 1089 943 1157 curant,
965 1102 985 1144 a
1010 1089 1085 1144 eant
1101 1078 1295 1165 Wagneria·

125 1188 188 1231 nae
213 1165 363 1230 editionis
385 1164 456 1230 Vol.
512 1212 530 1245 .‚
553 1188 616 1252 quo
638 1162 798 1248 „Vergilii
819 1165 964 1227 carmina
986 1162 1029 1227 ad
1052 1162 1226 1249 pristinam
1247 1184 1297 1228 or-

128 1248 368 1335 thographiam,
391 1248 499 1334 quoad
515 1252 585 1312 eius
599 1248 671 1312 fieri
684 1247 797 1331 potuit,
821 1247 995 1311 revocata“
1017 1268 1089 1310 cum
1108 1245 1297 1311 doctissima

127 1332 167 1397 de
189 1331 424 1419 orthographia
445 1331 630 1417 Virgiliana
650 1330 879 1394 dissertatione
901 1331 1114 1394 continentur.

209 1414 272 1480 His
294 1414 334 1480 de
353 1414 488 1480 consilio
509 1424 541 1479 et
551 1414 677 1479 ratione
689 1412 842 1478 editionis
858 1434 949 1477 meae
962 1412 1121 1498 expositis
1138 1422 1297 1499 superest,

127 1497 260 1583 utquid
286 1499 320 1561 in
342 1498 577 1585 posterioribus
607 1494 804 1562 editionibus
825 1498 1042 1583 praestiterim
1070 1504 1102 1559 et
1122 1497 1156 1559 in
1178 1495 1297 1583 quibus

126 1579 225 1645 rebus
259 1579 334 1646 illae
365 1603 385 1645 a
416 1582 523 1667 prima
553 1580 705 1645 differant
739 1579 965 1644 demonstrem.
1008 1578 1155 1644 Editioni
1192 1578 1297 1662 alteri,

128 1687 210 1750 quae
231 1687 366 1750 prorsus
388 1666 560 1728 immutata
582 1663 706 1751 prodiit
728 1685 755 1727 a.
776 1661 1030 1729 MDOOCXLV
1054 1684 1133 1749 sqq.,
1155 1664 1298 1750 primum

128 1758 336 1813 accesserunt
359 1745 583 1811 additamenta
604 1747 666 1811 duo
688 1744 786 1833 plane
806 1768 902 1827 nova,
923 1746 1034 1810 brevis
1053 1746 1142 1810 Diss.
1167 1746 1207 1810 de
1226 1747 1299 1811 Vir-

128 1829 198 1916 gilii
219 1831 289 1894 vita
311 1837 343 1894 et
365 1828 565 1894 carminibus
586 1830 658 1904 (hac
680 1831 777 1893 tertia
805 1828 880 1893 edit.
903 1828 1050 1913 pluribus
1070 1831 1103 1893 in
1125 1829 1205 1893 locis
1227 1851 1297 1894 cor·

127 1925 217 1979 recta
239 1922 271 1977 et
292 1913 464 1996 insigniter
488 1918 595 1991 aucta)
618 1923 650 1976 et
671 1913 817 1976 carmina
837 1911 969 1995 Virgilii
988 1912 1115 1976 minora
1128 1912 1220 1976 brevi
1240 1913 1299 1976 ad·

127 1997 293 2062 notatione
307 1995 476 2072 illustrata,
499 2007 534 2060 ut
550 1996 739 2083 plenissima
755 1993 837 2058 haec
863 2005 948 2059 esset
970 1993 1067 2059 editio
1083 2017 1186 2094 neque
1226 1996 1295 2061 uid-

128 2102 224 2168 quam
255 2081 290 2142 in
318 2101 358 2143 ea
384 2077 640 2161 desideraretur,
669 2076 756 2164 quod
780 2079 959 2141 communis
983 2088 1069 2143 certe
1092 2079 1201 2165 opmio
1254 2079 1294 2142 ir-

128 2162 205 2248 gilio
228 2164 354 2228 auctori
374 2162 539 2227 tribueret.
584 2163 677 2242 Quae
699 2170 808 2225 tamen
827 2162 974 2226 carmina
990 2162 1119 2227 minora
1140 2185 1214 2227 cum
1233 2185 1299 2228 non

128 2248 192 2310 nisi
214 2247 391 2310 amicorum
422 2245 625 2332 quorundam
658 2253 690 2309 et
717 2243 932 2329 redemptoris
955 2244 1173 2310 honestissimi
1195 2247 1298 2331 preci·

128 2329 190 2394 bus
214 2331 319 2393 victus
343 2328 536 2410 adiicerem,
564 2340 597 2392 et
618 2328 774 2412 temporis
802 2336 834 2390 et
856 2329 953 2412 spatii
980 2329 1137 2412 angustiis
1161 2331 1297 2393 circum-

128 2413 269 2511 scriptus
298 2411 378 2477 nihil
399 2411 488 2476 aliud
510 2411 637 2475 efficere
660 2411 765 2558 potui,
792 2412 855 2474 nisi
881 2420 917 2475 ut
944 2410 1038 2475 brevi
1067 2413 1299 2477 commentario

129 2495 274 2560 subrecto
302 2505 389 2560 certe
410 2517 538 2560 sensum
569 2497 619 2558 sin
644 2518 665 2558 u
678 2516 769 2557 orum
789 2492 931 2559 locorum
955 2495 1075 2559 nemini
1097 2493 1231 2560 dubium
1249 2517 1299 2560 re-

127 2577 174 2642 lin
197 2602 324 2660 uerem3
352 2578 406 2666 qui
430 2587 538 2642 autem
567 2579 601 2641 in
620 2517 708 2642 haec
729 2579 875 2641 carmina
896 2600 916 2642 a
937 2576 1110 2642 iuvenibus
1132 2577 1300 2644 literarum

130 2602 284 2727 emhiosis
312 2684 377 2726 non
410 2659 505 2724 facile
537 2660 622 2725 lecta
656 2661 839 2725 accuratius
867 2661 1032 2760 inquirere
1068 2659 1120 2725 vel
1151 2663 1299 2726 criticum

128 2768 237 2810 eorum
261 2767 398 2809 examen
420 2744 587 2808 instituere
608 2743 735 2824 volunt,
768 2745 792 2806 ii
821 2743 863 2807 ad
887 2743 1091 2828 Silligianam
1114 2743 1300 2827 editionem,

129 2831 179 2894 cui
198 2828 449 2893 commentarius
465 2848 554 2889 meus
567 2826 731 2975 permulta
749 2826 854 2908 debet,
877 2826 1053 2912 ablegandi
1068 2837 1157 2911 sunt3
1179 2835 1302 2915 (quam-

129 2934 225 3012 quam
248 2913 347 2976 etiarn
368 2910 418 2975 his
441 2911 575 2974 carmim
600 2933 637 2974 us
656 2908 860 2996 explicandis
878 2910 940 2975 hac
954 2912 1051 2975 tertia
1072 2911 1213 2977 editione
1235 2934 1302 2975 me·

128 2996 191 3060 hus
210 2996 379 3080 provisum
401 3015 472 3058 esse
490 2993 554 3056 viri
576 2993 662 3058 docti
675 2991 772 3057 facile
788 2993 850 3057 sibi
864 2993 1126 3081 persuadebunt).
1169 2994 1303 3059 Deinde

129 3087 259 3166 praeter
281 3099 330 3158 ea,
354 3099 437 3165 quae
456 3098 607 3141 censores
620 3077 692 3157 mei,
717 3087 748 3140 et
766 3078 947 3163 aequiores,
971 3086 1007 3141 ut
1022 3078 1092 3141 Nae
1117 3076 1302 3142 elsbachius

130 3172 161 3226 et
182 3159 376 3242 Paldamus,
414 3169 445 3224 et
466 3160 662 3246 iniquiores,
690 3167 725 3224 ut
746 3158 978 3245 Wagnerus,¹)
1000 3099 1247 3225 Hildelmandus
1270 3169 1304 3224 et

129 3243 377 3329 Ladewigius,²)
398 3253 511 3308 contra
533 3266 585 3309 me
607 3243 657 3308 dis
683 3251 830 3326 utarunt,
852 3243 909 3309 illa
930 3244 1136 3331 potissimum
1160 3241 1303 3308 studiose

131 3329 329 3406 examinavi,
351 3326 467 3413 quibus
488 3327 613 3391 interea
632 3265 766 3391 Idhnius
788 3329 835 3405 (in
857 3327 960 3392 altera
982 3326 1081 3405 edit),
1105 3326 1249 3413 Siipflius
1271 3336 1304 3391 et

130 3412 291 3559 imprimis
314 3408 561 3556 Peerlkampius
584 3410 625 3474 de
640 3408 772 3493 Virgilii
797 3410 995 3475 carminibus
1020 3408 1071 3474 vel
1090 3409 1303 3475 emendandis

130 3516 171 3558 ve
205 3492 459 3579 interpretandis
511 3515 570 3557 ene
594 3496 711 3558 mereri
739 3492 946 3574 studuerunt,
974 3500 1005 3556 et
1058 3494 1164 3558 otiora
1193 3515 1303 3558 eorum

131 3578 246 3666 paucis
269 3575 379 3640 verbis
402 3585 459 3640 aut
481 3576 693 3662 comprobata
711 3586 767 3640 aut
788 3576 930 3641 refutata
951 3577 1018 3640 ine
1044 3577 1175 3642 ’tionem
1197 3598 1303 3641 meam

130 3659 298 3733 transtuli;
319 3661 494 3757 praecipue
517 3670 625 3726 autem
647 3682 754 3725 meum
777 3681 848 3724 esse
871 3658 960 3741 duxi,
982 3668 1017 3724 ut
1038 3681 1148 3725 omnes
1172 3659 1304 3726 doctiss.

131 3743 353 3829 Peerlkampii
376 3754 577 3809 conlecturas
606 3755 638 3808 et
659 3744 847 3829 opiniones,
873 3764 955 3828 quae
983 3753 1109 3807 tantum
1138 3743 1304 3808 hominum

133 3828 301 3894 doctorum
336 3824 581 3892 admirationem
614 3829 802 3901 movissent,
841 3848 913 3889 cum
950 3825 1126 3891 lectoribus
1161 3827 1305 3892 breviter

132 3911 415 3992 communicarem,
437 3932 631 3999 quamquam
655 3909 697 3974 ad
721 3931 776 3973 eas
793 3910 977 3973 accuratius
991 3909 1227 3975 examinandas
1246 3932 1306 3975 nec

132 4007 262 4081 tempus
281 4016 341 4058 nec
362 3995 504 4080 spatium
524 3993 604 4059 mihi
627 4014 817 4058 concessum
843 3991 1040 4077 sufficiebat,
1067 3993 1155 4060 unde
1183 3996 1305 4059 factum

169 4211 193 4273 l)
211 4209 295 4274 Quem
313 4211 403 4266 tamen
422 4211 449 4264 in
459 4209 577 4265 editione
596 4208 699 4264 minore
716 4209 859 4281 aliquoties
877 4227 895 4266 a
912 4212 1051 4267 sententiis
1064 4210 1140 4281 prius
1160 4212 1308 4282 propositis

135 4276 304 4331 recedentem
322 4295 427 4333 meeum
445 4277 612 4333 consensisse
633 4277 695 4333 vidi,

155 4346 193 4424 ¹2)
213 4345 297 4412 Quem
320 4347 495 4401 nihilominus
518 4363 549 4400 er
572 4344 673 4408 indice,
701 4362 780 4414 quem
809 4347 867 4401 Vol.
886 4346 922 4403 ΙΙ.
941 4348 1066 4404 editionis
1098 4363 1162 4401 suae
1179 4347 1222 4401 his
1239 4347 1307 4417 ipsis

135 4412 229 4467 d1ebus
247 4414 275 4467 in
296 4415 380 4469 lucem
403 4413 500 4468 emisso
520 4412 643 4467 adiunxit
662 4414 860 4474 (Verzcicbm'as
877 4418 929 4469 der
946 4415 1064 4479 Stellae,
1087 4416 1116 4468 in
1127 4416 1245 4470 roeloben
1262 4416 1308 4470 iob

135 4498 196 4533 vom
210 4483 290 4536 Teate
309 4485 360 4537 (lor
380 4481 490 4535 kleiuea
506 4482 559 4535 We
577 4481 714 4534 aer’acben
731 4483 791 4535 Aua
810 4484 859 4536 abe
877 4485 1049 4552 abqewicben
1067 4484 1121 4547 bio,
1134 4485 1183 4536 mit
1194 4485 1309 4551 Auqadc

135 4550 185 4601 der
204 4548 358 4615 Galatarum,
370 4569 408 4602 aa
418 4548 517 4602 welche
529 4499 576 4602 iol
590 4549 661 4602 natea
674 4500 879 4618 onpeeobiosaea
891 4539 978 4617 hiae),
995 4551 1023 4604 iu
1036 4550 1174 4605 duodecim
1188 4552 1226 4604 VI
1240 4552 1309 4631 prio·

135 4617 351 4739 ratquhenefflos
376 4616 508 4671 librorum
533 4616 599 4672 locis
622 4633 726 4672 mecum
750 4617 853 4688 potius,
875 4636 955 4690 quam
978 4635 1040 4673 cum
1053 4619 1194 4688 Wagnero,
1213 4619 1309 4675 fecisse

135 4698 162 4736 m
214 4702 262 4740 en.
