<?xml version="1.0" encoding="UTF-8"?>
<!DOCTYPE html PUBLIC "-//W3C//DTD XHTML 1.0 Transitional//EN"
    "http://www.w3.org/TR/xhtml1/DTD/xhtml1-transitional.dtd">
<html xmlns="http://www.w3.org/1999/xhtml" xml:lang="en" lang="en">
 <head>
  <title>
</title>
<meta http-equiv="Content-Type" content="text/html;charset=utf-8" />
  <meta name='ocr-system' content='tesseract 3.04.00' />
  <meta name='ocr-capabilities' content='ocr_page ocr_carea ocr_par ocr_line ocrx_word'/>
</head>
<body>
  <div class='ocr_page' id='page_1' title='image "./pvirgilimaronis00forbgoog_0038.png"; bbox 0 0 2872 5070; ppageno 0'>
   <div class='ocr_carea' id='block_1_1' title="bbox 219 249 1274 322">
    <p class='ocr_par' dir='ltr' id='par_1_1' title="bbox 219 249 1274 322">
     <span class='ocr_line' id='line_1_1' title="bbox 219 249 1274 322; baseline 0.005 -4"><span class='ocrx_word' id='word_1_1' title='bbox 219 249 331 318; x_wconf 86' lang='lat' dir='ltr'><strong>DISS.</strong></span> <span class='ocrx_word' id='word_1_2' title='bbox 353 250 418 317; x_wconf 83' lang='lat' dir='ltr'><strong>DE</strong></span> <span class='ocrx_word' id='word_1_3' title='bbox 440 251 476 318; x_wconf 93' lang='lat' dir='ltr'><strong>P.</strong></span> <span class='ocrx_word' id='word_1_4' title='bbox 499 251 632 320; x_wconf 72' lang='lat' dir='ltr'><strong>vultu.</strong></span> <span class='ocrx_word' id='word_1_5' title='bbox 654 251 759 319; x_wconf 88' lang='lat' dir='ltr'><strong>MAR.</strong></span> <span class='ocrx_word' id='word_1_6' title='bbox 780 253 890 319; x_wconf 83' lang='lat' dir='ltr'>VITA</span> <span class='ocrx_word' id='word_1_7' title='bbox 912 253 973 319; x_wconf 90' lang='grc' dir='ltr'><strong>ΕΤ</strong></span> <span class='ocrx_word' id='word_1_8' title='bbox 996 253 1129 322; x_wconf 81' lang='lat' dir='ltr'><strong>oARM.</strong></span> <span class='ocrx_word' id='word_1_9' title='bbox 1173 273 1274 322; x_wconf 85' lang='lat' dir='ltr'>xxxv</span> 
     </span>
    </p>
   </div>
   <div class='ocr_carea' id='block_1_2' title="bbox 95 418 1277 2916">
    <p class='ocr_par' dir='ltr' id='par_1_2' title="bbox 95 418 1277 2916">
     <span class='ocr_line' id='line_1_2' title="bbox 96 418 1274 509; baseline 0.001 -23"><span class='ocrx_word' id='word_1_10' title='bbox 96 420 244 486; x_wconf 88' lang='lat' dir='ltr'><strong>lectionis</strong></span> <span class='ocrx_word' id='word_1_11' title='bbox 267 418 369 506; x_wconf 91' lang='lat' dir='ltr'><strong>copiis</strong></span> <span class='ocrx_word' id='word_1_12' title='bbox 392 419 459 483; x_wconf 90' lang='lat' dir='ltr'><strong>iam</strong></span> <span class='ocrx_word' id='word_1_13' title='bbox 481 428 548 484; x_wconf 92' lang='lat' dir='ltr'><strong>tum</strong></span> <span class='ocrx_word' id='word_1_14' title='bbox 569 419 700 504; x_wconf 90' lang='lat' dir='ltr'><strong>ingenio</strong></span> <span class='ocrx_word' id='word_1_15' title='bbox 722 418 812 485; x_wconf 90' lang='lat' dir='ltr'><strong>nulla</strong></span> <span class='ocrx_word' id='word_1_16' title='bbox 832 419 903 485; x_wconf 88' lang='lat' dir='ltr'><strong>laus</strong></span> <span class='ocrx_word' id='word_1_17' title='bbox 926 428 1006 505; x_wconf 88' lang='lat' dir='ltr'><strong>erat,</strong></span> <span class='ocrx_word' id='word_1_18' title='bbox 1034 422 1091 509; x_wconf 91' lang='lat' dir='ltr'><strong>qui</strong></span> <span class='ocrx_word' id='word_1_19' title='bbox 1113 444 1173 509; x_wconf 93' lang='lat' dir='ltr'><strong>pro</strong></span> <span class='ocrx_word' id='word_1_20' title='bbox 1194 431 1274 487; x_wconf 91' lang='lat' dir='ltr'><strong>tcm-</strong></span> 
     </span>
     <span class='ocr_line' id='line_1_3' title="bbox 97 502 1275 592; baseline 0.002 -24"><span class='ocrx_word' id='word_1_21' title='bbox 97 525 215 591; x_wconf 91' lang='lat' dir='ltr'><strong>porum</strong></span> <span class='ocrx_word' id='word_1_22' title='bbox 237 502 363 567; x_wconf 91' lang='lat' dir='ltr'><strong>illorum</strong></span> <span class='ocrx_word' id='word_1_23' title='bbox 385 503 565 567; x_wconf 91' lang='lat' dir='ltr'><strong>rationein</strong></span> <span class='ocrx_word' id='word_1_24' title='bbox 588 524 605 566; x_wconf 97' lang='lat' dir='ltr'><strong>e</strong></span> <span class='ocrx_word' id='word_1_25' title='bbox 630 503 680 567; x_wconf 91' lang='lat' dir='ltr'><strong>ico</strong></span> <span class='ocrx_word' id='word_1_26' title='bbox 701 505 844 568; x_wconf 79' lang='lat' dir='ltr'><strong>carmine</strong></span> <span class='ocrx_word' id='word_1_27' title='bbox 866 503 1035 570; x_wconf 94' lang='lat' dir='ltr'><strong>condendo</strong></span> <span class='ocrx_word' id='word_1_28' title='bbox 1052 527 1117 570; x_wconf 94' lang='lat' dir='ltr'><strong>non</strong></span> <span class='ocrx_word' id='word_1_29' title='bbox 1136 513 1275 592; x_wconf 87' lang='lat' dir='ltr'><strong>poterat,</strong></span> 
     </span>
     <span class='ocr_line' id='line_1_4' title="bbox 118 584 1275 677; baseline 0.002 -25"><span class='ocrx_word' id='word_1_30' title='bbox 118 588 176 652; x_wconf 91' lang='lat' dir='ltr'><strong>uin</strong></span> <span class='ocrx_word' id='word_1_31' title='bbox 205 584 317 673; x_wconf 91' lang='lat' dir='ltr'><strong>populi</strong></span> <span class='ocrx_word' id='word_1_32' title='bbox 346 586 486 650; x_wconf 91' lang='lat' dir='ltr'><strong>Romani</strong></span> <span class='ocrx_word' id='word_1_33' title='bbox 516 594 547 650; x_wconf 93' lang='lat' dir='ltr'><strong>et</strong></span> <span class='ocrx_word' id='word_1_34' title='bbox 612 588 736 651; x_wconf 77' lang='lat' dir='ltr'><strong>cesaris</strong></span> <span class='ocrx_word' id='word_1_35' title='bbox 776 585 944 652; x_wconf 83' lang='lat' dir='ltr'><strong>ambitioni</strong></span> <span class='ocrx_word' id='word_1_36' title='bbox 974 586 1187 671; x_wconf 83' lang='lat' dir='ltr'><strong>blandiretur,</strong></span> <span class='ocrx_word' id='word_1_37' title='bbox 1218 592 1275 677; x_wconf 91' lang='lat' dir='ltr'><strong>qui</strong></span> 
     </span>
     <span class='ocr_line' id='line_1_5' title="bbox 97 610 1274 756; baseline 0.002 -21"><span class='ocrx_word' id='word_1_38' title='bbox 97 610 246 756; x_wconf 81' lang='lat' dir='ltr'><strong>denique,</strong></span> <span class='ocrx_word' id='word_1_39' title='bbox 270 669 357 733; x_wconf 91' lang='lat' dir='ltr'><strong>omni</strong></span> <span class='ocrx_word' id='word_1_40' title='bbox 377 678 495 733; x_wconf 89' lang='lat' dir='ltr'><strong>natura</strong></span> <span class='ocrx_word' id='word_1_41' title='bbox 517 691 576 734; x_wconf 86' lang='lat' dir='ltr'><strong>sua</strong></span> <span class='ocrx_word' id='word_1_42' title='bbox 598 678 630 733; x_wconf 91' lang='lat' dir='ltr'><strong>et</strong></span> <span class='ocrx_word' id='word_1_43' title='bbox 657 670 757 734; x_wconf 89' lang='lat' dir='ltr'><strong>animi</strong></span> <span class='ocrx_word' id='word_1_44' title='bbox 789 668 898 735; x_wconf 89' lang='lat' dir='ltr'><strong>indole</strong></span> <span class='ocrx_word' id='word_1_45' title='bbox 925 669 1143 751; x_wconf 87' lang='lat' dir='ltr'><strong>(Tibullianae</strong></span> <span class='ocrx_word' id='word_1_46' title='bbox 1175 671 1274 737; x_wconf 92' lang='lat' dir='ltr'><strong>simil·</strong></span> 
     </span>
     <span class='ocr_line' id='line_1_6' title="bbox 97 751 1273 852; baseline 0 -33"><span class='ocrx_word' id='word_1_47' title='bbox 97 753 189 830; x_wconf 89' lang='lat' dir='ltr'><strong>lima)</strong></span> <span class='ocrx_word' id='word_1_48' title='bbox 208 751 309 817; x_wconf 89' lang='lat' dir='ltr'><strong>multo</strong></span> <span class='ocrx_word' id='word_1_49' title='bbox 331 773 385 816; x_wconf 90' lang='lat' dir='ltr'><strong>ma</strong></span> <span class='ocrx_word' id='word_1_50' title='bbox 411 753 437 816; x_wconf 77' lang='lat' dir='ltr'><strong>‘s</strong></span> <span class='ocrx_word' id='word_1_51' title='bbox 460 751 502 817; x_wconf 88' lang='lat' dir='ltr'><strong>ad</strong></span> <span class='ocrx_word' id='word_1_52' title='bbox 524 751 673 838; x_wconf 85' lang='lat' dir='ltr'><strong>lyricam,</strong></span> <span class='ocrx_word' id='word_1_53' title='bbox 695 775 792 840; x_wconf 90' lang='lat' dir='ltr'><strong>quam</strong></span> <span class='ocrx_word' id='word_1_54' title='bbox 815 752 858 817; x_wconf 90' lang='lat' dir='ltr'><strong>ad</strong></span> <span class='ocrx_word' id='word_1_55' title='bbox 879 755 1006 852; x_wconf 84' lang='lat' dir='ltr'><strong>epicam</strong></span> <span class='ocrx_word' id='word_1_56' title='bbox 1029 754 1144 842; x_wconf 85' lang='lat' dir='ltr'><strong>poesin</strong></span> <span class='ocrx_word' id='word_1_57' title='bbox 1167 754 1273 820; x_wconf 89' lang='lat' dir='ltr'><strong>colen·</strong></span> 
     </span>
     <span class='ocr_line' id='line_1_7' title="bbox 99 834 1273 924; baseline 0.001 -22"><span class='ocrx_word' id='word_1_58' title='bbox 99 837 175 902; x_wconf 88' lang='lat' dir='ltr'><strong>dam</strong></span> <span class='ocrx_word' id='word_1_59' title='bbox 196 835 379 917; x_wconf 90' lang='lat' dir='ltr'><strong>idoneus,a</strong></span> <span class='ocrx_word' id='word_1_60' title='bbox 414 834 476 900; x_wconf 90' lang='lat' dir='ltr'><strong>hoe</strong></span> <span class='ocrx_word' id='word_1_61' title='bbox 493 857 623 900; x_wconf 91' lang='lat' dir='ltr'><strong>carmen</strong></span> <span class='ocrx_word' id='word_1_62' title='bbox 644 834 852 921; x_wconf 85' lang='lat' dir='ltr'><strong>pangendum</strong></span> <span class='ocrx_word' id='word_1_63' title='bbox 869 836 974 902; x_wconf 90' lang='lat' dir='ltr'><strong>aheno</strong></span> <span class='ocrx_word' id='word_1_64' title='bbox 995 838 1103 924; x_wconf 88' lang='lat' dir='ltr'><strong>potius</strong></span> <span class='ocrx_word' id='word_1_65' title='bbox 1120 837 1273 924; x_wconf 88' lang='lat' dir='ltr'><strong>impulsu,</strong></span> 
     </span>
     <span class='ocr_line' id='line_1_8' title="bbox 99 918 1275 1008; baseline 0.002 -25"><span class='ocrx_word' id='word_1_66' title='bbox 99 941 196 1008; x_wconf 89' lang='lat' dir='ltr'><strong>quam</strong></span> <span class='ocrx_word' id='word_1_67' title='bbox 207 940 266 984; x_wconf 87' lang='lat' dir='ltr'><strong>sua</strong></span> <span class='ocrx_word' id='word_1_68' title='bbox 279 918 444 983; x_wconf 89' lang='lat' dir='ltr'><strong>voluntate</strong></span> <span class='ocrx_word' id='word_1_69' title='bbox 456 927 488 983; x_wconf 90' lang='lat' dir='ltr'><strong>et</strong></span> <span class='ocrx_word' id='word_1_70' title='bbox 506 920 605 984; x_wconf 89' lang='lat' dir='ltr'><strong>animi</strong></span> <span class='ocrx_word' id='word_1_71' title='bbox 630 918 839 985; x_wconf 89' lang='lat' dir='ltr'><strong>inclinatione</strong></span> <span class='ocrx_word' id='word_1_72' title='bbox 854 919 984 984; x_wconf 90' lang='lat' dir='ltr'><strong>videtur</strong></span> <span class='ocrx_word' id='word_1_73' title='bbox 1002 929 1109 986; x_wconf 91' lang='lat' dir='ltr'><strong>motus</strong></span> <span class='ocrx_word' id='word_1_74' title='bbox 1123 942 1195 985; x_wconf 91' lang='lat' dir='ltr'><strong>esse</strong></span> <span class='ocrx_word' id='word_1_75' title='bbox 1209 923 1275 1005; x_wconf 88' lang='lat'><strong>¹¹¹),</strong></span> 
     </span>
     <span class='ocr_line' id='line_1_9' title="bbox 99 1001 1271 1103; baseline 0 -35"><span class='ocrx_word' id='word_1_76' title='bbox 99 1003 209 1069; x_wconf 88' lang='lat' dir='ltr'><strong>omnia</strong></span> <span class='ocrx_word' id='word_1_77' title='bbox 230 1001 273 1067; x_wconf 90' lang='lat' dir='ltr'><strong>ad</strong></span> <span class='ocrx_word' id='word_1_78' title='bbox 293 1003 374 1066; x_wconf 88' lang='lat' dir='ltr'><strong>artis</strong></span> <span class='ocrx_word' id='word_1_79' title='bbox 394 1010 573 1100; x_wconf 87' lang='lat' dir='ltr'><strong>praecepta</strong></span> <span class='ocrx_word' id='word_1_80' title='bbox 592 1012 685 1067; x_wconf 89' lang='lat' dir='ltr'><strong>erant</strong></span> <span class='ocrx_word' id='word_1_81' title='bbox 706 1003 908 1078; x_wconf 71' lang='lat' dir='ltr'><strong>revocanda,</strong></span> <span class='ocrx_word' id='word_1_82' title='bbox 931 1025 1031 1103; x_wconf 79' lang='lat' dir='ltr'><strong>quare</strong></span> <span class='ocrx_word' id='word_1_83' title='bbox 1055 1025 1186 1068; x_wconf 89' lang='lat' dir='ltr'><strong>carmen</strong></span> <span class='ocrx_word' id='word_1_84' title='bbox 1203 1005 1271 1069; x_wconf 91' lang='lat' dir='ltr'><strong>eius</strong></span> 
     </span>
     <span class='ocr_line' id='line_1_10' title="bbox 99 1085 1275 1173; baseline 0.001 -22"><span class='ocrx_word' id='word_1_85' title='bbox 99 1086 319 1152; x_wconf 92' lang='lat' dir='ltr'><strong>doctissimum</strong></span> <span class='ocrx_word' id='word_1_86' title='bbox 342 1107 363 1148; x_wconf 87' lang='lat' dir='ltr'><strong>a</strong></span> <span class='ocrx_word' id='word_1_87' title='bbox 383 1086 496 1150; x_wconf 85' lang='lat' dir='ltr'><strong>nativa</strong></span> <span class='ocrx_word' id='word_1_88' title='bbox 515 1085 572 1150; x_wconf 87' lang='lat' dir='ltr'><strong>rlla</strong></span> <span class='ocrx_word' id='word_1_89' title='bbox 593 1096 625 1149; x_wconf 87' lang='lat' dir='ltr'><strong>et</strong></span> <span class='ocrx_word' id='word_1_90' title='bbox 654 1085 795 1172; x_wconf 85' lang='lat' dir='ltr'><strong>simplici</strong></span> <span class='ocrx_word' id='word_1_91' title='bbox 824 1085 1068 1173; x_wconf 76' lang='lat' dir='ltr'><strong>pulchritudine</strong></span> <span class='ocrx_word' id='word_1_92' title='bbox 1097 1108 1137 1151; x_wconf 85' lang='lat' dir='ltr'><strong>ac</strong></span> <span class='ocrx_word' id='word_1_93' title='bbox 1167 1088 1275 1152; x_wconf 89' lang='lat' dir='ltr'><strong>suavi-</strong></span> 
     </span>
     <span class='ocr_line' id='line_1_11' title="bbox 97 1167 1275 1256; baseline 0.001 -22"><span class='ocrx_word' id='word_1_94' title='bbox 97 1179 173 1251; x_wconf 86' lang='lat' dir='ltr'><strong>tate,</strong></span> <span class='ocrx_word' id='word_1_95' title='bbox 205 1191 271 1256; x_wconf 90' lang='lat' dir='ltr'><strong>qua</strong></span> <span class='ocrx_word' id='word_1_96' title='bbox 297 1167 434 1234; x_wconf 90' lang='lat' dir='ltr'><strong>Homeri</strong></span> <span class='ocrx_word' id='word_1_97' title='bbox 465 1168 577 1234; x_wconf 86' lang='lat' dir='ltr'><strong>divina</strong></span> <span class='ocrx_word' id='word_1_98' title='bbox 607 1169 754 1233; x_wconf 90' lang='lat' dir='ltr'><strong>carmina</strong></span> <span class='ocrx_word' id='word_1_99' title='bbox 782 1178 953 1256; x_wconf 83' lang='lat' dir='ltr'><strong>tantopere</strong></span> <span class='ocrx_word' id='word_1_100' title='bbox 990 1169 1161 1252; x_wconf 87' lang='lat' dir='ltr'><strong>delectant,</strong></span> <span class='ocrx_word' id='word_1_101' title='bbox 1196 1192 1275 1235; x_wconf 92' lang='lat' dir='ltr'><strong>sane</strong></span> 
     </span>
     <span class='ocr_line' id='line_1_12' title="bbox 97 1251 1274 1338; baseline -0.001 -20"><span class='ocrx_word' id='word_1_102' title='bbox 97 1252 232 1318; x_wconf 89' lang='lat' dir='ltr'><strong>multum</strong></span> <span class='ocrx_word' id='word_1_103' title='bbox 253 1252 386 1333; x_wconf 87' lang='lat' dir='ltr'><strong>recedit,</strong></span> <span class='ocrx_word' id='word_1_104' title='bbox 409 1252 488 1316; x_wconf 90' lang='lat' dir='ltr'><strong>etsi</strong></span> <span class='ocrx_word' id='word_1_105' title='bbox 509 1251 729 1316; x_wconf 86' lang='lat' dir='ltr'><strong>urbanitatem</strong></span> <span class='ocrx_word' id='word_1_106' title='bbox 744 1252 908 1337; x_wconf 89' lang='lat' dir='ltr'><strong>quandam</strong></span> <span class='ocrx_word' id='word_1_107' title='bbox 924 1263 956 1318; x_wconf 92' lang='lat' dir='ltr'><strong>et</strong></span> <span class='ocrx_word' id='word_1_108' title='bbox 971 1252 1152 1338; x_wconf 85' lang='lat' dir='ltr'><strong>elegantem</strong></span> <span class='ocrx_word' id='word_1_109' title='bbox 1174 1276 1274 1318; x_wconf 89' lang='lat' dir='ltr'><strong>venu-</strong></span> 
     </span>
     <span class='ocr_line' id='line_1_13' title="bbox 98 1333 1274 1422; baseline 0.001 -22"><span class='ocrx_word' id='word_1_110' title='bbox 98 1346 214 1401; x_wconf 82' lang='lat' dir='ltr'><strong>statem</strong></span> <span class='ocrx_word' id='word_1_111' title='bbox 234 1335 390 1400; x_wconf 89' lang='lat' dir='ltr'><strong>narrandi</strong></span> <span class='ocrx_word' id='word_1_112' title='bbox 413 1336 548 1422; x_wconf 84' lang='lat' dir='ltr'><strong>excipis,</strong></span> <span class='ocrx_word' id='word_1_113' title='bbox 581 1333 623 1399; x_wconf 88' lang='lat' dir='ltr'><strong>ab</strong></span> <span class='ocrx_word' id='word_1_114' title='bbox 650 1335 793 1400; x_wconf 88' lang='lat' dir='ltr'><strong>Homero</strong></span> <span class='ocrx_word' id='word_1_115' title='bbox 825 1334 975 1401; x_wconf 90' lang='lat' dir='ltr'><strong>omnibus</strong></span> <span class='ocrx_word' id='word_1_116' title='bbox 1008 1337 1162 1401; x_wconf 87' lang='lat' dir='ltr'><strong>carminis</strong></span> <span class='ocrx_word' id='word_1_117' title='bbox 1196 1358 1274 1401; x_wconf 87' lang='lat' dir='ltr'><strong>vere</strong></span> 
     </span>
     <span class='ocr_line' id='line_1_14' title="bbox 96 1417 1273 1517; baseline 0 -33"><span class='ocrx_word' id='word_1_118' title='bbox 96 1419 218 1484; x_wconf 91' lang='lat' dir='ltr'><strong>heroici</strong></span> <span class='ocrx_word' id='word_1_119' title='bbox 241 1418 417 1483; x_wconf 86' lang='lat' dir='ltr'><strong>virtutibus</strong></span> <span class='ocrx_word' id='word_1_120' title='bbox 437 1417 534 1502; x_wconf 88' lang='lat' dir='ltr'><strong>longe</strong></span> <span class='ocrx_word' id='word_1_121' title='bbox 555 1426 730 1502; x_wconf 89' lang='lat' dir='ltr'><strong>superatur</strong></span> <span class='ocrx_word' id='word_1_122' title='bbox 746 1419 814 1499; x_wconf 85' lang='lat'><strong>¹¹²),</strong></span> <span class='ocrx_word' id='word_1_123' title='bbox 835 1419 1005 1517; x_wconf 77' lang='lat' dir='ltr'><strong>magisque</strong></span> <span class='ocrx_word' id='word_1_124' title='bbox 1028 1419 1071 1483; x_wconf 90' lang='lat' dir='ltr'><strong>ad</strong></span> <span class='ocrx_word' id='word_1_125' title='bbox 1091 1418 1173 1483; x_wconf 93' lang='lat' dir='ltr'><strong>illud</strong></span> <span class='ocrx_word' id='word_1_126' title='bbox 1188 1421 1273 1505; x_wconf 90' lang='lat' dir='ltr'><strong>epici</strong></span> 
     </span>
     <span class='ocr_line' id='line_1_15' title="bbox 97 1497 1270 1587; baseline -0.001 -19"><span class='ocrx_word' id='word_1_127' title='bbox 97 1503 252 1568; x_wconf 86' lang='lat' dir='ltr'><strong>carminis</strong></span> <span class='ocrx_word' id='word_1_128' title='bbox 274 1524 377 1587; x_wconf 88' lang='lat' dir='ltr'><strong>genus</strong></span> <span class='ocrx_word' id='word_1_129' title='bbox 401 1498 552 1577; x_wconf 85' lang='lat' dir='ltr'><strong>deflectit,</strong></span> <span class='ocrx_word' id='word_1_130' title='bbox 581 1497 669 1583; x_wconf 88' lang='lat' dir='ltr'><strong>quod</strong></span> <span class='ocrx_word' id='word_1_131' title='bbox 690 1520 750 1563; x_wconf 90' lang='lat' dir='ltr'><strong>nos</strong></span> <span class='ocrx_word' id='word_1_132' title='bbox 783 1510 1062 1565; x_wconf 90' lang='lat' dir='ltr'><strong>romantrcum</strong></span> <span class='ocrx_word' id='word_1_133' title='bbox 1097 1524 1270 1583; x_wconf 87' lang='lat' dir='ltr'><strong>vocamus;</strong></span> 
     </span>
     <span class='ocr_line' id='line_1_16' title="bbox 96 1581 1273 1674; baseline -0.001 -23"><span class='ocrx_word' id='word_1_134' title='bbox 96 1607 198 1674; x_wconf 88' lang='lat' dir='ltr'><strong>quare</strong></span> <span class='ocrx_word' id='word_1_135' title='bbox 221 1607 332 1650; x_wconf 89' lang='lat' dir='ltr'><strong>omnes</strong></span> <span class='ocrx_word' id='word_1_136' title='bbox 355 1581 404 1647; x_wconf 90' lang='lat' dir='ltr'><strong>illi</strong></span> <span class='ocrx_word' id='word_1_137' title='bbox 423 1581 496 1662; x_wconf 91' lang='lat' dir='ltr'><strong>loci,</strong></span> <span class='ocrx_word' id='word_1_138' title='bbox 517 1584 573 1670; x_wconf 92' lang='lat' dir='ltr'><strong>qui</strong></span> <span class='ocrx_word' id='word_1_139' title='bbox 595 1581 701 1666; x_wconf 90' lang='lat' dir='ltr'><strong>magis</strong></span> <span class='ocrx_word' id='word_1_140' title='bbox 721 1582 917 1647; x_wconf 88' lang='lat' dir='ltr'><strong>conveniunt</strong></span> <span class='ocrx_word' id='word_1_141' title='bbox 937 1584 1068 1648; x_wconf 90' lang='lat' dir='ltr'><strong>nativae</strong></span> <span class='ocrx_word' id='word_1_142' title='bbox 1087 1585 1156 1648; x_wconf 91' lang='lat' dir='ltr'><strong>eius</strong></span> <span class='ocrx_word' id='word_1_143' title='bbox 1171 1586 1273 1650; x_wconf 90' lang='lat' dir='ltr'><strong>animi</strong></span> 
     </span>
     <span class='ocr_line' id='line_1_17' title="bbox 95 1663 1275 1754; baseline -0.003 -20"><span class='ocrx_word' id='word_1_144' title='bbox 95 1668 266 1747; x_wconf 89' lang='lat' dir='ltr'><strong>mollitiae,</strong></span> <span class='ocrx_word' id='word_1_145' title='bbox 301 1675 336 1730; x_wconf 90' lang='lat' dir='ltr'><strong>ut</strong></span> <span class='ocrx_word' id='word_1_146' title='bbox 374 1667 463 1729; x_wconf 87' lang='lat' dir='ltr'><strong>vitae</strong></span> <span class='ocrx_word' id='word_1_147' title='bbox 485 1663 666 1746; x_wconf 85' lang='lat' dir='ltr'><strong>familiaris,</strong></span> <span class='ocrx_word' id='word_1_148' title='bbox 703 1665 876 1746; x_wconf 87' lang='lat' dir='ltr'><strong>amicitiae,</strong></span> <span class='ocrx_word' id='word_1_149' title='bbox 906 1667 1026 1736; x_wconf 88' lang='lat' dir='ltr'><strong>amoris</strong></span> <span class='ocrx_word' id='word_1_150' title='bbox 1058 1666 1275 1754; x_wconf 90' lang='lat' dir='ltr'><strong>similiumque</strong></span> 
     </span>
     <span class='ocr_line' id='line_1_18' title="bbox 95 1746 1276 1827; baseline -0.002 -11"><span class='ocrx_word' id='word_1_151' title='bbox 95 1752 295 1817; x_wconf 90' lang='lat' dir='ltr'><strong>teneriorum</strong></span> <span class='ocrx_word' id='word_1_152' title='bbox 317 1747 488 1812; x_wconf 86' lang='lat' dir='ltr'><strong>affectuum</strong></span> <span class='ocrx_word' id='word_1_153' title='bbox 512 1746 617 1812; x_wconf 93' lang='lat' dir='ltr'><strong>descri</strong></span> <span class='ocrx_word' id='word_1_154' title='bbox 643 1746 746 1812; x_wconf 90' lang='lat' dir='ltr'><strong>tiones</strong></span> <span class='ocrx_word' id='word_1_155' title='bbox 762 1749 816 1826; x_wconf 84' lang='lat'><strong>¹¹³)</strong></span> <span class='ocrx_word' id='word_1_156' title='bbox 837 1747 938 1814; x_wconf 91' lang='lat' dir='ltr'><strong>multo</strong></span> <span class='ocrx_word' id='word_1_157' title='bbox 959 1748 1073 1813; x_wconf 90' lang='lat' dir='ltr'><strong>melius</strong></span> <span class='ocrx_word' id='word_1_158' title='bbox 1097 1751 1126 1813; x_wconf 90' lang='lat' dir='ltr'><strong>ei</strong></span> <span class='ocrx_word' id='word_1_159' title='bbox 1148 1750 1276 1827; x_wconf 88' lang='lat' dir='ltr'><strong>cedunt,</strong></span> 
     </span>
     <span class='ocr_line' id='line_1_19' title="bbox 97 1770 1276 1921; baseline 0 -24"><span class='ocrx_word' id='word_1_160' title='bbox 97 1856 197 1921; x_wconf 85' lang='lat' dir='ltr'><strong>quam</strong></span> <span class='ocrx_word' id='word_1_161' title='bbox 223 1832 257 1914; x_wconf 93' lang='lat' dir='ltr'><strong>ii,</strong></span> <span class='ocrx_word' id='word_1_162' title='bbox 290 1830 325 1895; x_wconf 93' lang='lat' dir='ltr'><strong>in</strong></span> <span class='ocrx_word' id='word_1_163' title='bbox 362 1829 478 1918; x_wconf 91' lang='lat' dir='ltr'><strong>quibus</strong></span> <span class='ocrx_word' id='word_1_164' title='bbox 513 1828 553 1895; x_wconf 89' lang='lat' dir='ltr'><strong>de</strong></span> <span class='ocrx_word' id='word_1_165' title='bbox 581 1770 680 1897; x_wconf 73' lang='lat' dir='ltr'><strong>rebus</strong></span> <span class='ocrx_word' id='word_1_166' title='bbox 707 1853 784 1896; x_wconf 87' lang='lat' dir='ltr'><strong>vere</strong></span> <span class='ocrx_word' id='word_1_167' title='bbox 816 1831 964 1908; x_wconf 86' lang='lat' dir='ltr'><strong>heroicis,</strong></span> <span class='ocrx_word' id='word_1_168' title='bbox 1003 1834 1123 1897; x_wconf 87' lang='lat' dir='ltr'><strong>sanetis</strong></span> <span class='ocrx_word' id='word_1_169' title='bbox 1150 1842 1183 1897; x_wconf 91' lang='lat' dir='ltr'><strong>et</strong></span> <span class='ocrx_word' id='word_1_170' title='bbox 1210 1856 1276 1898; x_wconf 88' lang='lat' dir='ltr'><strong>ma·</strong></span> 
     </span>
     <span class='ocr_line' id='line_1_20' title="bbox 98 1913 1276 2002; baseline 0.001 -23"><span class='ocrx_word' id='word_1_171' title='bbox 98 1915 237 2002; x_wconf 87' lang='lat' dir='ltr'><strong>gnificis,</strong></span> <span class='ocrx_word' id='word_1_172' title='bbox 258 1913 297 1978; x_wconf 93' lang='lat' dir='ltr'><strong>de</strong></span> <span class='ocrx_word' id='word_1_173' title='bbox 323 1914 452 1999; x_wconf 85' lang='lat' dir='ltr'><strong>pugnis,</strong></span> <span class='ocrx_word' id='word_1_174' title='bbox 484 1913 699 1999; x_wconf 86' lang='lat' dir='ltr'><strong>legationibus</strong></span> <span class='ocrx_word' id='word_1_175' title='bbox 730 1913 867 2001; x_wconf 88' lang='lat' dir='ltr'><strong>aliisque</strong></span> <span class='ocrx_word' id='word_1_176' title='bbox 895 1917 1035 2002; x_wconf 86' lang='lat' dir='ltr'><strong>negotiis</strong></span> <span class='ocrx_word' id='word_1_177' title='bbox 1086 1915 1212 1992; x_wconf 90' lang='lat' dir='ltr'><strong>ublicis,</strong></span> <span class='ocrx_word' id='word_1_178' title='bbox 1235 1915 1276 1981; x_wconf 91' lang='lat' dir='ltr'><strong>de</strong></span> 
     </span>
     <span class='ocr_line' id='line_1_21' title="bbox 99 1938 1277 2082; baseline 0 -19"><span class='ocrx_word' id='word_1_179' title='bbox 99 1997 269 2063; x_wconf 87' lang='lat' dir='ltr'><strong>sacrificiis</strong></span> <span class='ocrx_word' id='word_1_180' title='bbox 298 1995 523 2078; x_wconf 88' lang='lat' dir='ltr'><strong>sollemnibus,</strong></span> <span class='ocrx_word' id='word_1_181' title='bbox 553 1998 694 2063; x_wconf 88' lang='lat' dir='ltr'><strong>oraculis</strong></span> <span class='ocrx_word' id='word_1_182' title='bbox 722 2006 753 2062; x_wconf 93' lang='lat' dir='ltr'><strong>et</strong></span> <span class='ocrx_word' id='word_1_183' title='bbox 780 1999 954 2081; x_wconf 87' lang='lat' dir='ltr'><strong>vaticiniis,</strong></span> <span class='ocrx_word' id='word_1_184' title='bbox 987 1998 1028 2063; x_wconf 91' lang='lat' dir='ltr'><strong>de</strong></span> <span class='ocrx_word' id='word_1_185' title='bbox 1060 1938 1133 2082; x_wconf 74' lang='lat' dir='ltr'><strong>dlis,</strong></span> <span class='ocrx_word' id='word_1_186' title='bbox 1163 1998 1204 2063; x_wconf 90' lang='lat' dir='ltr'><strong>de</strong></span> <span class='ocrx_word' id='word_1_187' title='bbox 1230 2000 1277 2063; x_wconf 90' lang='lat' dir='ltr'><strong>in-</strong></span> 
     </span>
     <span class='ocr_line' id='line_1_22' title="bbox 96 2078 1275 2169; baseline -0.002 -22"><span class='ocrx_word' id='word_1_188' title='bbox 96 2082 176 2147; x_wconf 82' lang='lat' dir='ltr'><strong>feris</strong></span> <span class='ocrx_word' id='word_1_189' title='bbox 200 2089 232 2144; x_wconf 91' lang='lat' dir='ltr'><strong>et</strong></span> <span class='ocrx_word' id='word_1_190' title='bbox 259 2078 416 2144; x_wconf 87' lang='lat' dir='ltr'><strong>similibus</strong></span> <span class='ocrx_word' id='word_1_191' title='bbox 448 2081 565 2165; x_wconf 87' lang='lat' dir='ltr'><strong>agitur,</strong></span> <span class='ocrx_word' id='word_1_192' title='bbox 594 2080 650 2146; x_wconf 93' lang='lat' dir='ltr'><strong>ubi</strong></span> <span class='ocrx_word' id='word_1_193' title='bbox 677 2081 825 2158; x_wconf 91' lang='lat' dir='ltr'><strong>nimium,</strong></span> <span class='ocrx_word' id='word_1_194' title='bbox 853 2081 940 2169; x_wconf 92' lang='lat' dir='ltr'><strong>quod</strong></span> <span class='ocrx_word' id='word_1_195' title='bbox 968 2082 1096 2167; x_wconf 87' lang='lat' dir='ltr'><strong>singula</strong></span> <span class='ocrx_word' id='word_1_196' title='bbox 1124 2081 1275 2167; x_wconf 91' lang='lat' dir='ltr'><strong>produnt,</strong></span> 
     </span>
     <span class='ocr_line' id='line_1_23' title="bbox 96 2163 1276 2251; baseline 0.001 -23"><span class='ocrx_word' id='word_1_197' title='bbox 96 2165 186 2228; x_wconf 91' lang='lat' dir='ltr'><strong>docti</strong></span> <span class='ocrx_word' id='word_1_198' title='bbox 207 2172 323 2250; x_wconf 89' lang='lat' dir='ltr'><strong>poetae</strong></span> <span class='ocrx_word' id='word_1_199' title='bbox 351 2163 493 2227; x_wconf 87' lang='lat' dir='ltr'><strong>studium</strong></span> <span class='ocrx_word' id='word_1_200' title='bbox 526 2172 558 2227; x_wconf 91' lang='lat' dir='ltr'><strong>et</strong></span> <span class='ocrx_word' id='word_1_201' title='bbox 590 2164 762 2228; x_wconf 88' lang='lat' dir='ltr'><strong>artificium</strong></span> <span class='ocrx_word' id='word_1_202' title='bbox 788 2186 900 2228; x_wconf 90' lang='lat' dir='ltr'><strong>veram</strong></span> <span class='ocrx_word' id='word_1_203' title='bbox 928 2164 1103 2251; x_wconf 88' lang='lat' dir='ltr'><strong>legentium</strong></span> <span class='ocrx_word' id='word_1_204' title='bbox 1137 2164 1276 2229; x_wconf 90' lang='lat' dir='ltr'><strong>delecta·</strong></span> 
     </span>
     <span class='ocr_line' id='line_1_24' title="bbox 96 2244 1277 2334; baseline 0.001 -22"><span class='ocrx_word' id='word_1_205' title='bbox 96 2250 217 2313; x_wconf 91' lang='lat' dir='ltr'><strong>tionem</strong></span> <span class='ocrx_word' id='word_1_206' title='bbox 239 2244 473 2331; x_wconf 86' lang='lat' dir='ltr'><strong>aliquantulum</strong></span> <span class='ocrx_word' id='word_1_207' title='bbox 496 2247 660 2329; x_wconf 86' lang='lat' dir='ltr'><strong>minuunt3</strong></span> <span class='ocrx_word' id='word_1_208' title='bbox 691 2269 897 2333; x_wconf 89' lang='lat' dir='ltr'><strong>quamquam,</strong></span> <span class='ocrx_word' id='word_1_209' title='bbox 923 2258 958 2312; x_wconf 89' lang='lat' dir='ltr'><strong>ut</strong></span> <span class='ocrx_word' id='word_1_210' title='bbox 978 2247 1160 2334; x_wconf 90' lang='lat' dir='ltr'><strong>Vergilium</strong></span> <span class='ocrx_word' id='word_1_211' title='bbox 1188 2258 1277 2313; x_wconf 91' lang='lat' dir='ltr'><strong>recte</strong></span> 
     </span>
     <span class='ocr_line' id='line_1_25' title="bbox 97 2330 1276 2428; baseline -0.002 -32"><span class='ocrx_word' id='word_1_212' title='bbox 97 2330 287 2405; x_wconf 86' lang='lat' dir='ltr'><strong>iudicemus,</strong></span> <span class='ocrx_word' id='word_1_213' title='bbox 309 2351 438 2416; x_wconf 89' lang='lat' dir='ltr'><strong>semper</strong></span> <span class='ocrx_word' id='word_1_214' title='bbox 461 2331 639 2428; x_wconf 88' lang='lat' dir='ltr'><strong>cogitemus</strong></span> <span class='ocrx_word' id='word_1_215' title='bbox 668 2339 806 2415; x_wconf 90' lang='lat' dir='ltr'><strong>oportet,</strong></span> <span class='ocrx_word' id='word_1_216' title='bbox 835 2332 933 2395; x_wconf 90' lang='lat' dir='ltr'><strong>etiam</strong></span> <span class='ocrx_word' id='word_1_217' title='bbox 959 2332 993 2394; x_wconf 93' lang='lat' dir='ltr'><strong>in</strong></span> <span class='ocrx_word' id='word_1_218' title='bbox 1020 2330 1072 2396; x_wconf 91' lang='lat' dir='ltr'><strong>his</strong></span> <span class='ocrx_word' id='word_1_219' title='bbox 1099 2354 1164 2396; x_wconf 91' lang='lat' dir='ltr'><strong>non</strong></span> <span class='ocrx_word' id='word_1_220' title='bbox 1197 2330 1276 2418; x_wconf 91' lang='lat' dir='ltr'><strong>quid</strong></span> 
     </span>
     <span class='ocr_line' id='line_1_26' title="bbox 97 2411 1274 2501; baseline 0.002 -22"><span class='ocrx_word' id='word_1_221' title='bbox 97 2413 192 2479; x_wconf 91' lang='lat' dir='ltr'><strong>nobis</strong></span> <span class='ocrx_word' id='word_1_222' title='bbox 215 2412 352 2498; x_wconf 88' lang='lat' dir='ltr'><strong>placeat,</strong></span> <span class='ocrx_word' id='word_1_223' title='bbox 383 2412 442 2477; x_wconf 90' lang='lat' dir='ltr'><strong>sed</strong></span> <span class='ocrx_word' id='word_1_224' title='bbox 465 2412 544 2497; x_wconf 86' lang='lat' dir='ltr'><strong>qurd</strong></span> <span class='ocrx_word' id='word_1_225' title='bbox 575 2411 730 2479; x_wconf 88' lang='lat' dir='ltr'><strong>Romanis</strong></span> <span class='ocrx_word' id='word_1_226' title='bbox 753 2412 921 2499; x_wconf 87' lang='lat' dir='ltr'><strong>placuerit,</strong></span> <span class='ocrx_word' id='word_1_227' title='bbox 951 2435 1022 2477; x_wconf 89' lang='lat' dir='ltr'><strong>esse</strong></span> <span class='ocrx_word' id='word_1_228' title='bbox 1043 2414 1274 2501; x_wconf 86' lang='lat' dir='ltr'><strong>quaerendum.</strong></span> 
     </span>
     <span class='ocr_line' id='line_1_27' title="bbox 96 2494 1275 2578; baseline -0.002 -16"><span class='ocrx_word' id='word_1_229' title='bbox 96 2496 128 2562; x_wconf 86' lang='lat' dir='ltr'>A</span> <span class='ocrx_word' id='word_1_230' title='bbox 155 2496 310 2561; x_wconf 88' lang='lat' dir='ltr'><strong>Romanis</strong></span> <span class='ocrx_word' id='word_1_231' title='bbox 339 2504 456 2576; x_wconf 89' lang='lat' dir='ltr'><strong>autem,</strong></span> <span class='ocrx_word' id='word_1_232' title='bbox 485 2494 567 2560; x_wconf 91' lang='lat' dir='ltr'><strong>illud</strong></span> <span class='ocrx_word' id='word_1_233' title='bbox 601 2494 776 2560; x_wconf 87' lang='lat' dir='ltr'><strong>discrimen</strong></span> <span class='ocrx_word' id='word_1_234' title='bbox 804 2518 869 2560; x_wconf 92' lang='lat' dir='ltr'><strong>non</strong></span> <span class='ocrx_word' id='word_1_235' title='bbox 897 2495 1098 2578; x_wconf 88' lang='lat' dir='ltr'><strong>curantibus,</strong></span> <span class='ocrx_word' id='word_1_236' title='bbox 1128 2496 1275 2560; x_wconf 89' lang='lat' dir='ltr'><strong>Aeneida</strong></span> 
     </span>
     <span class='ocr_line' id='line_1_28' title="bbox 99 2577 1275 2678; baseline 0 -34"><span class='ocrx_word' id='word_1_237' title='bbox 99 2580 207 2644; x_wconf 88' lang='lat' dir='ltr'><strong>multis</strong></span> <span class='ocrx_word' id='word_1_238' title='bbox 223 2580 334 2678; x_wconf 76' lang='lat' dir='ltr'><strong>utique</strong></span> <span class='ocrx_word' id='word_1_239' title='bbox 348 2577 534 2657; x_wconf 90' lang='lat' dir='ltr'><strong>luminibus,</strong></span> <span class='ocrx_word' id='word_1_240' title='bbox 549 2579 708 2665; x_wconf 89' lang='lat' dir='ltr'><strong>imprimis</strong></span> <span class='ocrx_word' id='word_1_241' title='bbox 724 2587 795 2643; x_wconf 87' lang='lat' dir='ltr'><strong>arte</strong></span> <span class='ocrx_word' id='word_1_242' title='bbox 803 2578 870 2660; x_wconf 90' lang='lat' dir='ltr'><strong>illa,</strong></span> <span class='ocrx_word' id='word_1_243' title='bbox 889 2602 953 2666; x_wconf 92' lang='lat' dir='ltr'><strong>qua</strong></span> <span class='ocrx_word' id='word_1_244' title='bbox 967 2601 1019 2644; x_wconf 93' lang='lat' dir='ltr'><strong>res</strong></span> <span class='ocrx_word' id='word_1_245' title='bbox 1035 2578 1275 2644; x_wconf 85' lang='lat' dir='ltr'><strong>diversissimas</strong></span> 
     </span>
     <span class='ocr_line' id='line_1_29' title="bbox 98 2660 1276 2750; baseline -0.002 -22"><span class='ocrx_word' id='word_1_246' title='bbox 98 2662 260 2750; x_wconf 90' lang='lat' dir='ltr'><strong>pauloque</strong></span> <span class='ocrx_word' id='word_1_247' title='bbox 287 2660 510 2748; x_wconf 76' lang='lat' dir='ltr'><strong>impeditiores</strong></span> <span class='ocrx_word' id='word_1_248' title='bbox 538 2672 570 2727; x_wconf 89' lang='lat' dir='ltr'><strong>et</strong></span> <span class='ocrx_word' id='word_1_249' title='bbox 591 2660 809 2728; x_wconf 90' lang='lat' dir='ltr'><strong>abstrusiores</strong></span> <span class='ocrx_word' id='word_1_250' title='bbox 832 2661 874 2726; x_wconf 88' lang='lat' dir='ltr'><strong>ad</strong></span> <span class='ocrx_word' id='word_1_251' title='bbox 895 2686 1003 2744; x_wconf 90' lang='lat' dir='ltr'><strong>unum,</strong></span> <span class='ocrx_word' id='word_1_252' title='bbox 1027 2664 1220 2727; x_wconf 91' lang='lat' dir='ltr'><strong>concinnum</strong></span> <span class='ocrx_word' id='word_1_253' title='bbox 1244 2670 1276 2727; x_wconf 90' lang='lat' dir='ltr'><strong>et</strong></span> 
     </span>
     <span class='ocr_line' id='line_1_30' title="bbox 98 2744 1273 2833; baseline -0.001 -23"><span class='ocrx_word' id='word_1_254' title='bbox 98 2748 193 2833; x_wconf 88' lang='lat' dir='ltr'><strong>quasi</strong></span> <span class='ocrx_word' id='word_1_255' title='bbox 213 2744 387 2810; x_wconf 91' lang='lat' dir='ltr'><strong>rotundum</strong></span> <span class='ocrx_word' id='word_1_256' title='bbox 411 2767 541 2810; x_wconf 86' lang='lat' dir='ltr'><strong>carmen</strong></span> <span class='ocrx_word' id='word_1_257' title='bbox 563 2746 691 2832; x_wconf 91' lang='lat' dir='ltr'><strong>epicum</strong></span> <span class='ocrx_word' id='word_1_258' title='bbox 720 2748 897 2826; x_wconf 88' lang='lat' dir='ltr'><strong>coniunxit,</strong></span> <span class='ocrx_word' id='word_1_259' title='bbox 926 2757 996 2811; x_wconf 89' lang='lat' dir='ltr'><strong>tum</strong></span> <span class='ocrx_word' id='word_1_260' title='bbox 1024 2744 1273 2809; x_wconf 90' lang='lat' dir='ltr'><strong>similitudinum</strong></span> 
     </span>
     <span class='ocr_line' id='line_1_31' title="bbox 98 2827 1274 2916; baseline -0.001 -23"><span class='ocrx_word' id='word_1_261' title='bbox 98 2838 130 2893; x_wconf 88' lang='lat' dir='ltr'><strong>et</strong></span> <span class='ocrx_word' id='word_1_262' title='bbox 157 2830 434 2916; x_wconf 87' lang='lat' dir='ltr'><strong>comparationum</strong></span> <span class='ocrx_word' id='word_1_263' title='bbox 463 2851 522 2915; x_wconf 90' lang='lat' dir='ltr'><strong>per</strong></span> <span class='ocrx_word' id='word_1_264' title='bbox 558 2850 670 2893; x_wconf 89' lang='lat' dir='ltr'><strong>omnes</strong></span> <span class='ocrx_word' id='word_1_265' title='bbox 698 2827 921 2915; x_wconf 88' lang='lat' dir='ltr'><strong>singulasque,</strong></span> <span class='ocrx_word' id='word_1_266' title='bbox 950 2828 1002 2892; x_wconf 86' lang='lat' dir='ltr'><strong>vel</strong></span> <span class='ocrx_word' id='word_1_267' title='bbox 1032 2829 1193 2906; x_wconf 90' lang='lat' dir='ltr'><strong>minimas,</strong></span> <span class='ocrx_word' id='word_1_268' title='bbox 1221 2849 1274 2892; x_wconf 91' lang='lat' dir='ltr'><strong>res</strong></span> 
     </span>
    </p>
   </div>
   <div class='ocr_carea' id='block_1_3' title="bbox 96 2910 1275 3200">
    <p class='ocr_par' dir='ltr' id='par_1_3' title="bbox 96 2910 1275 3200">
     <span class='ocr_line' id='line_1_32' title="bbox 121 2910 1275 2998; baseline -0.003 -21"><span class='ocrx_word' id='word_1_269' title='bbox 121 2912 327 2977; x_wconf 89' lang='lat' dir='ltr'><strong>erductarum</strong></span> <span class='ocrx_word' id='word_1_270' title='bbox 350 2913 454 2998; x_wconf 88' lang='lat' dir='ltr'><strong>copia,</strong></span> <span class='ocrx_word' id='word_1_271' title='bbox 474 2911 592 2977; x_wconf 91' lang='lat' dir='ltr'><strong>deinde</strong></span> <span class='ocrx_word' id='word_1_272' title='bbox 615 2911 890 2977; x_wconf 89' lang='lat' dir='ltr'><strong>oratiuncularum</strong></span> <span class='ocrx_word' id='word_1_273' title='bbox 905 2912 1126 2975; x_wconf 88' lang='lat' dir='ltr'><strong>immixtarum</strong></span> <span class='ocrx_word' id='word_1_274' title='bbox 1148 2910 1275 2975; x_wconf 87' lang='lat' dir='ltr'><strong>virtuti-</strong></span> 
     </span>
     <span class='ocr_line' id='line_1_33' title="bbox 96 2935 1273 3082; baseline -0.003 -22"><span class='ocrx_word' id='word_1_275' title='bbox 96 2935 158 3060; x_wconf 73' lang='lat' dir='ltr'><strong>bus</strong></span> <span class='ocrx_word' id='word_1_276' title='bbox 180 3017 257 3059; x_wconf 91' lang='lat' dir='ltr'><strong>vere</strong></span> <span class='ocrx_word' id='word_1_277' title='bbox 278 2995 464 3072; x_wconf 63' lang='lat' dir='ltr'><strong>rhetoricis,</strong></span> <span class='ocrx_word' id='word_1_278' title='bbox 479 2995 617 3082; x_wconf 90' lang='lat' dir='ltr'><strong>denique</strong></span> <span class='ocrx_word' id='word_1_279' title='bbox 631 3017 732 3082; x_wconf 89' lang='lat' dir='ltr'><strong>purae</strong></span> <span class='ocrx_word' id='word_1_280' title='bbox 747 3005 778 3060; x_wconf 91' lang='lat' dir='ltr'><strong>et</strong></span> <span class='ocrx_word' id='word_1_281' title='bbox 792 3017 994 3078; x_wconf 87' lang='lat' dir='ltr'><strong>numerosae,</strong></span> <span class='ocrx_word' id='word_1_282' title='bbox 1017 2995 1121 3060; x_wconf 90' lang='lat' dir='ltr'><strong>omnis</strong></span> <span class='ocrx_word' id='word_1_283' title='bbox 1144 2995 1273 3079; x_wconf 90' lang='lat' dir='ltr'><strong>generis</strong></span> 
     </span>
     <span class='ocr_line' id='line_1_34' title="bbox 96 3077 1274 3200; baseline -0.003 -57"><span class='ocrx_word' id='word_1_284' title='bbox 96 3079 271 3143; x_wconf 91' lang='lat' dir='ltr'><strong>luminibus</strong></span> <span class='ocrx_word' id='word_1_285' title='bbox 294 3078 466 3143; x_wconf 89' lang='lat' dir='ltr'><strong>distinctae</strong></span> <span class='ocrx_word' id='word_1_286' title='bbox 483 3101 543 3142; x_wconf 91' lang='lat' dir='ltr'><strong>nec</strong></span> <span class='ocrx_word' id='word_1_287' title='bbox 561 3101 697 3166; x_wconf 90' lang='lat' dir='ltr'><strong>usquam</strong></span> <span class='ocrx_word' id='word_1_288' title='bbox 711 3079 855 3143; x_wconf 89' lang='lat' dir='ltr'><strong>tumidae</strong></span> <span class='ocrx_word' id='word_1_289' title='bbox 870 3079 1028 3142; x_wconf 88' lang='lat' dir='ltr'><strong>orationis</strong></span> <span class='ocrx_word' id='word_1_290' title='bbox 1043 3077 1205 3200; x_wconf 82' lang='lat' dir='ltr'><strong>elegantia</strong></span> <span class='ocrx_word' id='word_1_291' title='bbox 1218 3077 1274 3154; x_wconf 83' lang='lat'><strong>¹¹⁴)</strong></span> 
     </span>
    </p>
   </div>
   <div class='ocr_carea' id='block_1_4' title="bbox 96 3158 1275 3582">
    <p class='ocr_par' dir='ltr' id='par_1_4' title="bbox 96 3158 1275 3582">
     <span class='ocr_line' id='line_1_35' title="bbox 97 3158 1274 3248; baseline -0.002 -22"><span class='ocrx_word' id='word_1_292' title='bbox 97 3172 195 3248; x_wconf 90' lang='lat' dir='ltr'><strong>atque</strong></span> <span class='ocrx_word' id='word_1_293' title='bbox 212 3184 327 3226; x_wconf 87' lang='lat' dir='ltr'><strong>versus</strong></span> <span class='ocrx_word' id='word_1_294' title='bbox 340 3183 474 3226; x_wconf 91' lang='lat' dir='ltr'><strong>sonoros</strong></span> <span class='ocrx_word' id='word_1_295' title='bbox 490 3171 522 3224; x_wconf 91' lang='lat' dir='ltr'><strong>et</strong></span> <span class='ocrx_word' id='word_1_296' title='bbox 536 3163 761 3225; x_wconf 90' lang='lat' dir='ltr'><strong>ornatissimos</strong></span> <span class='ocrx_word' id='word_1_297' title='bbox 778 3160 991 3245; x_wconf 91' lang='lat' dir='ltr'><strong>componendi</strong></span> <span class='ocrx_word' id='word_1_298' title='bbox 1008 3170 1077 3223; x_wconf 88' lang='lat' dir='ltr'><strong>arte</strong></span> <span class='ocrx_word' id='word_1_299' title='bbox 1110 3162 1148 3237; x_wconf 76' lang='lat'><strong>¹⁵)</strong></span> <span class='ocrx_word' id='word_1_300' title='bbox 1169 3158 1274 3243; x_wconf 90' lang='lat' dir='ltr'><strong>splen-</strong></span> 
     </span>
     <span class='ocr_line' id='line_1_36' title="bbox 97 3240 1275 3330; baseline -0.004 -20"><span class='ocrx_word' id='word_1_301' title='bbox 97 3246 237 3327; x_wconf 91' lang='lat' dir='ltr'><strong>dentem,</strong></span> <span class='ocrx_word' id='word_1_302' title='bbox 259 3267 333 3308; x_wconf 91' lang='lat' dir='ltr'><strong>cum</strong></span> <span class='ocrx_word' id='word_1_303' title='bbox 355 3252 424 3308; x_wconf 87' lang='lat' dir='ltr'><strong>tota</strong></span> <span class='ocrx_word' id='word_1_304' title='bbox 445 3244 479 3308; x_wconf 93' lang='lat' dir='ltr'><strong>in</strong></span> <span class='ocrx_word' id='word_1_305' title='bbox 494 3242 607 3330; x_wconf 90' lang='lat' dir='ltr'><strong>populi</strong></span> <span class='ocrx_word' id='word_1_306' title='bbox 621 3243 760 3307; x_wconf 86' lang='lat' dir='ltr'><strong>Romani</strong></span> <span class='ocrx_word' id='word_1_307' title='bbox 781 3252 814 3306; x_wconf 89' lang='lat' dir='ltr'><strong>et</strong></span> <span class='ocrx_word' id='word_1_308' title='bbox 830 3244 936 3327; x_wconf 87' lang='lat' dir='ltr'><strong>gentis</strong></span> <span class='ocrx_word' id='word_1_309' title='bbox 954 3240 1057 3306; x_wconf 91' lang='lat' dir='ltr'><strong>Iuliae</strong></span> <span class='ocrx_word' id='word_1_310' title='bbox 1071 3240 1178 3327; x_wconf 90' lang='lat' dir='ltr'><strong>gloria</strong></span> <span class='ocrx_word' id='word_1_311' title='bbox 1193 3240 1275 3305; x_wconf 88' lang='lat' dir='ltr'><strong>cele-</strong></span> 
     </span>
     <span class='ocr_line' id='line_1_37' title="bbox 96 3324 1275 3424; baseline -0.005 -30"><span class='ocrx_word' id='word_1_312' title='bbox 96 3328 224 3394; x_wconf 85' lang='lat' dir='ltr'><strong>branda</strong></span> <span class='ocrx_word' id='word_1_313' title='bbox 243 3336 432 3392; x_wconf 87' lang='lat' dir='ltr'><strong>versaretur</strong></span> <span class='ocrx_word' id='word_1_314' title='bbox 454 3326 592 3424; x_wconf 85' lang='lat' dir='ltr'><strong>ideoque</strong></span> <span class='ocrx_word' id='word_1_315' title='bbox 615 3324 787 3413; x_wconf 87' lang='lat' dir='ltr'><strong>superbiae</strong></span> <span class='ocrx_word' id='word_1_316' title='bbox 809 3337 841 3391; x_wconf 86' lang='lat' dir='ltr'><strong>et</strong></span> <span class='ocrx_word' id='word_1_317' title='bbox 862 3325 961 3390; x_wconf 90' lang='lat' dir='ltr'><strong>fastui</strong></span> <span class='ocrx_word' id='word_1_318' title='bbox 982 3325 1088 3408; x_wconf 91' lang='lat' dir='ltr'><strong>gentis</strong></span> <span class='ocrx_word' id='word_1_319' title='bbox 1110 3347 1152 3390; x_wconf 86' lang='lat' dir='ltr'><strong>ex</strong></span> <span class='ocrx_word' id='word_1_320' title='bbox 1174 3325 1275 3389; x_wconf 89' lang='lat' dir='ltr'><strong>nimia</strong></span> 
     </span>
     <span class='ocr_line' id='line_1_38' title="bbox 98 3407 1274 3497; baseline -0.003 -21"><span class='ocrx_word' id='word_1_321' title='bbox 98 3413 149 3477; x_wconf 91' lang='lat' dir='ltr'><strong>sui</strong></span> <span class='ocrx_word' id='word_1_322' title='bbox 169 3412 386 3476; x_wconf 87' lang='lat' dir='ltr'><strong>admiratione</strong></span> <span class='ocrx_word' id='word_1_323' title='bbox 409 3421 479 3475; x_wconf 91' lang='lat' dir='ltr'><strong>orto</strong></span> <span class='ocrx_word' id='word_1_324' title='bbox 500 3433 617 3475; x_wconf 91' lang='lat' dir='ltr'><strong>m1rum</strong></span> <span class='ocrx_word' id='word_1_325' title='bbox 637 3419 793 3497; x_wconf 89' lang='lat' dir='ltr'><strong>quantum</strong></span> <span class='ocrx_word' id='word_1_326' title='bbox 815 3408 1018 3473; x_wconf 90' lang='lat' dir='ltr'><strong>blandiretur</strong></span> <span class='ocrx_word' id='word_1_327' title='bbox 1032 3409 1099 3491; x_wconf 75' lang='grc'><strong>1111),</strong></span> <span class='ocrx_word' id='word_1_328' title='bbox 1120 3407 1218 3474; x_wconf 91' lang='lat' dir='ltr'><strong>Iliadi</strong></span> <span class='ocrx_word' id='word_1_329' title='bbox 1241 3418 1274 3472; x_wconf 89' lang='lat' dir='ltr'><strong>et</strong></span> 
     </span>
     <span class='ocr_line' id='line_1_39' title="bbox 98 3491 1272 3582; baseline -0.005 -21"><span class='ocrx_word' id='word_1_330' title='bbox 98 3495 279 3582; x_wconf 82' lang='lat' dir='ltr'><strong>Odysseae,</strong></span> <span class='ocrx_word' id='word_1_331' title='bbox 302 3496 415 3560; x_wconf 91' lang='lat' dir='ltr'><strong>sinon</strong></span> <span class='ocrx_word' id='word_1_332' title='bbox 438 3494 662 3580; x_wconf 88' lang='lat' dir='ltr'><strong>antepositam,</strong></span> <span class='ocrx_word' id='word_1_333' title='bbox 685 3502 718 3558; x_wconf 90' lang='lat' dir='ltr'><strong>at</strong></span> <span class='ocrx_word' id='word_1_334' title='bbox 740 3502 827 3558; x_wconf 88' lang='lat' dir='ltr'><strong>certe</strong></span> <span class='ocrx_word' id='word_1_335' title='bbox 847 3493 1094 3580; x_wconf 85' lang='lat' dir='ltr'><strong>aequiparatam</strong></span> <span class='ocrx_word' id='word_1_336' title='bbox 1122 3491 1272 3572; x_wconf 67' lang='lat' dir='ltr'><strong>essem),</strong></span> 
     </span>
    </p>
   </div>
   <div class='ocr_carea' id='block_1_5' title="bbox 99 3650 308 3659">
    <p class='ocr_par' dir='ltr' id='par_1_5' title="bbox 99 3650 308 3659">
     <span class='ocr_line' id='line_1_40' title="bbox 99 3650 308 3659; baseline -0.014 0"><span class='ocrx_word' id='word_1_337' title='bbox 99 3650 308 3659; x_wconf 46' lang='grc' dir='ltr'><strong>...μ--ψ-ῄ</strong></span> 
     </span>
    </p>
   </div>
   <div class='ocr_carea' id='block_1_6' title="bbox 98 3745 1276 4765">
    <p class='ocr_par' dir='ltr' id='par_1_6' title="bbox 167 3745 654 3814">
     <span class='ocr_line' id='line_1_41' title="bbox 167 3745 654 3814; baseline 0 -15"><span class='ocrx_word' id='word_1_338' title='bbox 167 3746 230 3811; x_wconf 95' lang='grc'>111)</span> <span class='ocrx_word' id='word_1_339' title='bbox 249 3745 290 3799; x_wconf 83' lang='lat' dir='ltr'><strong>Cf.</strong></span> <span class='ocrx_word' id='word_1_340' title='bbox 310 3760 392 3814; x_wconf 87' lang='lat' dir='ltr'><strong>supra</strong></span> <span class='ocrx_word' id='word_1_341' title='bbox 409 3745 488 3798; x_wconf 86' lang='lat' dir='ltr'><strong>notae</strong></span> <span class='ocrx_word' id='word_1_342' title='bbox 507 3749 547 3800; x_wconf 82' lang='grc'>54,</span> <span class='ocrx_word' id='word_1_343' title='bbox 567 3746 594 3798; x_wconf 88' lang='lat' dir='ltr'><strong>ot</strong></span> <span class='ocrx_word' id='word_1_344' title='bbox 613 3749 654 3799; x_wconf 85' lang='lat'><strong>58.</strong></span> 
     </span>
    </p>

    <p class='ocr_par' dir='ltr' id='par_1_7' title="bbox 98 3808 1274 3937">
     <span class='ocr_line' id='line_1_42' title="bbox 169 3808 1274 3882; baseline -0.005 -15"><span class='ocrx_word' id='word_1_345' title='bbox 169 3816 227 3878; x_wconf 83' lang='lat'>112)</span> <span class='ocrx_word' id='word_1_346' title='bbox 247 3812 289 3869; x_wconf 83' lang='lat' dir='ltr'><strong>cf.</strong></span> <span class='ocrx_word' id='word_1_347' title='bbox 318 3813 426 3867; x_wconf 83' lang='lat' dir='ltr'><strong>Ernesti</strong></span> <span class='ocrx_word' id='word_1_348' title='bbox 454 3811 551 3882; x_wconf 88' lang='lat' dir='ltr'><strong>Opusc.</strong></span> <span class='ocrx_word' id='word_1_349' title='bbox 576 3815 644 3867; x_wconf 89' lang='lat' dir='ltr'><strong>orat.</strong></span> <span class='ocrx_word' id='word_1_350' title='bbox 667 3816 717 3868; x_wconf 88' lang='lat' dir='ltr'><strong>etc.</strong></span> <span class='ocrx_word' id='word_1_351' title='bbox 737 3828 765 3880; x_wconf 86' lang='lat' dir='ltr'><strong>p.</strong></span> <span class='ocrx_word' id='word_1_352' title='bbox 788 3816 834 3866; x_wconf 85' lang='grc'><strong>151</strong></span> <span class='ocrx_word' id='word_1_353' title='bbox 854 3827 894 3882; x_wconf 89' lang='lat' dir='ltr'><strong>sq.</strong></span> <span class='ocrx_word' id='word_1_354' title='bbox 925 3810 1030 3866; x_wconf 66' lang='lat' dir='ltr'><strong>Molles.</strong></span> <span class='ocrx_word' id='word_1_355' title='bbox 1060 3811 1089 3865; x_wconf 85' lang='lat' dir='ltr'><strong>et</strong></span> <span class='ocrx_word' id='word_1_356' title='bbox 1118 3809 1217 3864; x_wconf 84' lang='lat' dir='ltr'><strong>Eekort</strong></span> <span class='ocrx_word' id='word_1_357' title='bbox 1246 3808 1274 3863; x_wconf 93' lang='lat' dir='ltr'><strong>in</strong></span> 
     </span>
     <span class='ocr_line' id='line_1_43' title="bbox 98 3879 1156 3937; baseline -0.008 0"><span class='ocrx_word' id='word_1_358' title='bbox 98 3881 200 3937; x_wconf 90' lang='lat' dir='ltr'><strong>libellis</strong></span> <span class='ocrx_word' id='word_1_359' title='bbox 218 3883 275 3934; x_wconf 90' lang='lat' dir='ltr'><strong>not.</strong></span> <span class='ocrx_word' id='word_1_360' title='bbox 295 3884 350 3934; x_wconf 87' lang='lat'>108.</span> <span class='ocrx_word' id='word_1_361' title='bbox 369 3879 496 3935; x_wconf 88' lang='lat' dir='ltr'><strong>laudatis.</strong></span> <span class='ocrx_word' id='word_1_362' title='bbox 1153 3890 1156 3895; x_wconf 88' lang='lat'>·</span> 
     </span>
    </p>

    <p class='ocr_par' dir='ltr' id='par_1_8' title="bbox 99 3944 1275 4094">
     <span class='ocr_line' id='line_1_44' title="bbox 169 3944 1275 4015; baseline -0.004 -12"><span class='ocrx_word' id='word_1_363' title='bbox 169 3950 228 4015; x_wconf 84' lang='grc'>113)</span> <span class='ocrx_word' id='word_1_364' title='bbox 245 3948 316 4003; x_wconf 88' lang='lat' dir='ltr'><strong>Ute</strong></span> <span class='ocrx_word' id='word_1_365' title='bbox 350 3948 425 4002; x_wconf 85' lang='lat' dir='ltr'><strong>e&#39;ns</strong></span> <span class='ocrx_word' id='word_1_366' title='bbox 445 3946 490 4002; x_wconf 90' lang='lat' dir='ltr'><strong>ille</strong></span> <span class='ocrx_word' id='word_1_367' title='bbox 507 3947 583 4003; x_wconf 79' lang='lat' dir='ltr'><strong>locus</strong></span> <span class='ocrx_word' id='word_1_368' title='bbox 609 3947 642 4002; x_wconf 89' lang='lat' dir='ltr'><strong>de</strong></span> <span class='ocrx_word' id='word_1_369' title='bbox 659 3947 786 4002; x_wconf 84' lang='lat' dir='ltr'><strong>Marcello</strong></span> <span class='ocrx_word' id='word_1_370' title='bbox 810 3946 830 4000; x_wconf 90' lang='lat' dir='ltr'><strong>l.</strong></span> <span class='ocrx_word' id='word_1_371' title='bbox 848 3946 894 4001; x_wconf 88' lang='lat' dir='ltr'><strong>VI.</strong></span> <span class='ocrx_word' id='word_1_372' title='bbox 927 3949 993 4001; x_wconf 83' lang='lat' dir='ltr'><strong>extr.</strong></span> <span class='ocrx_word' id='word_1_373' title='bbox 1024 3945 1070 4014; x_wconf 81' lang='lat' dir='ltr'><strong>(cf.</strong></span> <span class='ocrx_word' id='word_1_374' title='bbox 1098 3962 1181 4015; x_wconf 88' lang='lat' dir='ltr'><strong>supra</strong></span> <span class='ocrx_word' id='word_1_375' title='bbox 1209 3944 1275 3999; x_wconf 86' lang='lat' dir='ltr'><strong>nota</strong></span> 
     </span>
     <span class='ocr_line' id='line_1_45' title="bbox 99 3965 1242 4094; baseline -0.005 -22"><span class='ocrx_word' id='word_1_376' title='bbox 99 4018 153 4086; x_wconf 81' lang='grc'>58.)</span> <span class='ocrx_word' id='word_1_377' title='bbox 175 4019 204 4072; x_wconf 84' lang='lat' dir='ltr'><strong>et</strong></span> <span class='ocrx_word' id='word_1_378' title='bbox 221 4019 296 4071; x_wconf 87' lang='lat' dir='ltr'><strong>totus</strong></span> <span class='ocrx_word' id='word_1_379' title='bbox 312 3965 405 4083; x_wconf 39' lang='lat' dir='ltr'><strong>llll,</strong></span> <span class='ocrx_word' id='word_1_380' title='bbox 423 4015 495 4071; x_wconf 91' lang='lat' dir='ltr'><strong>haud</strong></span> <span class='ocrx_word' id='word_1_381' title='bbox 516 4015 597 4070; x_wconf 88' lang='lat' dir='ltr'><strong>dubis</strong></span> <span class='ocrx_word' id='word_1_382' title='bbox 614 4014 866 4084; x_wconf 87' lang='lat' dir='ltr'><strong>praestantissimus</strong></span> <span class='ocrx_word' id='word_1_383' title='bbox 886 4014 1012 4068; x_wconf 88' lang='lat' dir='ltr'><strong>omnium.</strong></span> <span class='ocrx_word' id='word_1_384' title='bbox 1042 4080 1071 4094; x_wconf 90' lang='lat'><strong>..</strong></span> <span class='ocrx_word' id='word_1_385' title='bbox 1111 4081 1117 4093; x_wconf 92' lang='lat'><strong>.</strong></span> <span class='ocrx_word' id='word_1_386' title='bbox 1236 4079 1242 4092; x_wconf 32' lang='grc' dir='ltr'><strong><em>ι</em></strong></span> 
     </span>
    </p>

    <p class='ocr_par' dir='ltr' id='par_1_9' title="bbox 99 4081 1276 4344">
     <span class='ocr_line' id='line_1_46' title="bbox 169 4081 1274 4153; baseline -0.005 -14"><span class='ocrx_word' id='word_1_387' title='bbox 169 4086 228 4149; x_wconf 82' lang='grc'>114)</span> <span class='ocrx_word' id='word_1_388' title='bbox 246 4085 287 4140; x_wconf 84' lang='lat' dir='ltr'><strong>Cf.</strong></span> <span class='ocrx_word' id='word_1_389' title='bbox 305 4083 432 4153; x_wconf 86' lang='lat' dir='ltr'><strong>Wagneri</strong></span> <span class='ocrx_word' id='word_1_390' title='bbox 455 4085 630 4151; x_wconf 83' lang='lat' dir='ltr'><strong>Quaestiones</strong></span> <span class='ocrx_word' id='word_1_391' title='bbox 649 4084 812 4153; x_wconf 87' lang='lat' dir='ltr'><strong>Virgilianae</strong></span> <span class='ocrx_word' id='word_1_392' title='bbox 830 4083 912 4137; x_wconf 90' lang='lat' dir='ltr'><strong>&#39;I&#39;omo</strong></span> <span class='ocrx_word' id='word_1_393' title='bbox 930 4082 976 4138; x_wconf 88' lang='lat' dir='ltr'><strong>IV.</strong></span> <span class='ocrx_word' id='word_1_394' title='bbox 1007 4081 1133 4136; x_wconf 85' lang='lat' dir='ltr'><strong>edrtronrs</strong></span> <span class='ocrx_word' id='word_1_395' title='bbox 1156 4081 1274 4149; x_wconf 82' lang='lat' dir='ltr'><strong>Heynra·</strong></span> 
     </span>
     <span class='ocr_line' id='line_1_47' title="bbox 99 4152 495 4209; baseline -0.01 -1"><span class='ocrx_word' id='word_1_396' title='bbox 99 4170 150 4209; x_wconf 87' lang='lat' dir='ltr'><strong>nae</strong></span> <span class='ocrx_word' id='word_1_397' title='bbox 170 4152 290 4208; x_wconf 84' lang='lat' dir='ltr'><strong>adiectae</strong></span> <span class='ocrx_word' id='word_1_398' title='bbox 328 4154 495 4206; x_wconf 76' lang='grc'>,183-581.</span> 
     </span>
     <span class='ocr_line' id='line_1_48' title="bbox 118 4169 1276 4344; baseline -0.003 -69"><span class='ocrx_word' id='word_1_399' title='bbox 118 4222 229 4344; x_wconf 65' lang='lat' dir='ltr'><strong>dd&#39;dld)</strong></span> <span class='ocrx_word' id='word_1_400' title='bbox 241 4219 282 4276; x_wconf 82' lang='lat' dir='ltr'><strong>Gt.</strong></span> <span class='ocrx_word' id='word_1_401' title='bbox 302 4169 435 4274; x_wconf 74' lang='lat' dir='ltr'><strong>dromus</strong></span> <span class='ocrx_word' id='word_1_402' title='bbox 455 4219 487 4274; x_wconf 90' lang='lat' dir='ltr'><strong>de</strong></span> <span class='ocrx_word' id='word_1_403' title='bbox 508 4219 660 4275; x_wconf 84' lang='lat' dir='ltr'><strong>hexametro</strong></span> <span class='ocrx_word' id='word_1_404' title='bbox 684 4218 798 4288; x_wconf 87' lang='lat' dir='ltr'><strong>Virgilii,</strong></span> <span class='ocrx_word' id='word_1_405' title='bbox 828 4233 907 4289; x_wconf 89' lang='lat' dir='ltr'><strong>quem</strong></span> <span class='ocrx_word' id='word_1_406' title='bbox 931 4217 1055 4273; x_wconf 80' lang='lat' dir='ltr'><strong>Gossrar.</strong></span> <span class='ocrx_word' id='word_1_407' title='bbox 1078 4215 1190 4272; x_wconf 90' lang='lat' dir='ltr'><strong>editioni</strong></span> <span class='ocrx_word' id='word_1_408' title='bbox 1211 4232 1276 4271; x_wconf 88' lang='lat' dir='ltr'><strong>suae</strong></span> 
     </span>
     <span class='ocr_line' id='line_1_49' title="bbox 99 4306 217 4344; baseline -0.017 0"><span class='ocrx_word' id='word_1_409' title='bbox 99 4306 117 4344; x_wconf 94' lang='lat' dir='ltr'><strong>a</strong></span> <span class='ocrx_word' id='word_1_410' title='bbox 156 4307 165 4342; x_wconf 91' lang='lat'>1</span> <span class='ocrx_word' id='word_1_411' title='bbox 211 4329 217 4342; x_wconf 88' lang='lat'><strong>.</strong></span> 
     </span>
    </p>

    <p class='ocr_par' dir='ltr' id='par_1_10' title="bbox 170 4352 1129 4423">
     <span class='ocr_line' id='line_1_50' title="bbox 170 4352 1129 4423; baseline -0.004 -13"><span class='ocrx_word' id='word_1_412' title='bbox 170 4360 229 4423; x_wconf 85' lang='grc'>116)</span> <span class='ocrx_word' id='word_1_413' title='bbox 247 4355 290 4409; x_wconf 80' lang='lat' dir='ltr'><strong>Cf.</strong></span> <span class='ocrx_word' id='word_1_414' title='bbox 310 4355 388 4411; x_wconf 82' lang='lat' dir='ltr'><strong>Schle</strong></span> <span class='ocrx_word' id='word_1_415' title='bbox 409 4353 441 4410; x_wconf 86' lang='lat' dir='ltr'><strong>cl.</strong></span> <span class='ocrx_word' id='word_1_416' title='bbox 466 4353 567 4410; x_wconf 78' lang='lat' dir='ltr'><strong>Vorlcs.</strong></span> <span class='ocrx_word' id='word_1_417' title='bbox 587 4357 654 4409; x_wconf 74' lang='lat' dir='ltr'><strong>uber</strong></span> <span class='ocrx_word' id='word_1_418' title='bbox 672 4357 698 4408; x_wconf 79' lang='lat' dir='ltr'><strong>d.</strong></span> <span class='ocrx_word' id='word_1_419' title='bbox 720 4352 816 4408; x_wconf 78' lang='lat' dir='ltr'><strong>Geack.</strong></span> <span class='ocrx_word' id='word_1_420' title='bbox 834 4355 862 4406; x_wconf 79' lang='lat' dir='ltr'><strong>ct.</strong></span> <span class='ocrx_word' id='word_1_421' title='bbox 880 4352 965 4406; x_wconf 82' lang='lat' dir='ltr'><strong>Liter.</strong></span> <span class='ocrx_word' id='word_1_422' title='bbox 985 4352 1007 4407; x_wconf 95' lang='lat' dir='ltr'><strong>I.</strong></span> <span class='ocrx_word' id='word_1_423' title='bbox 1024 4367 1050 4419; x_wconf 88' lang='lat' dir='ltr'><strong>p.</strong></span> <span class='ocrx_word' id='word_1_424' title='bbox 1073 4354 1129 4406; x_wconf 81' lang='grc'>118.</span> 
     </span>
    </p>

    <p class='ocr_par' dir='ltr' id='par_1_11' title="bbox 100 4370 1276 4765">
     <span class='ocr_line' id='line_1_51' title="bbox 172 4370 1274 4500; baseline -0.004 -21"><span class='ocrx_word' id='word_1_425' title='bbox 172 4370 498 4500; x_wconf 51' lang='lat' dir='ltr'><strong>lllle.Quincl.1nst:</strong></span> <span class='ocrx_word' id='word_1_426' title='bbox 518 4423 550 4486; x_wconf 86' lang='lat' dir='ltr'><strong>X,</strong></span> <span class='ocrx_word' id='word_1_427' title='bbox 572 4425 594 4486; x_wconf 87' lang='lat'><strong>1,</strong></span> <span class='ocrx_word' id='word_1_428' title='bbox 613 4425 750 4496; x_wconf 45' lang='grc'>5641185</span> <span class='ocrx_word' id='word_1_429' title='bbox 773 4440 785 4475; x_wconf 93' lang='lat' dir='ltr'><strong>s</strong></span> <span class='ocrx_word' id='word_1_430' title='bbox 826 4461 831 4474; x_wconf 92' lang='lat'><strong>.</strong></span> <span class='ocrx_word' id='word_1_431' title='bbox 856 4419 933 4476; x_wconf 77' lang='lat' dir='ltr'><strong>Ouid.</strong></span> <span class='ocrx_word' id='word_1_432' title='bbox 957 4420 987 4475; x_wconf 79' lang='lat' dir='ltr'><strong>ll.</strong></span> <span class='ocrx_word' id='word_1_433' title='bbox 1006 4421 1039 4473; x_wconf 76' lang='lat' dir='ltr'><strong>A.</strong></span> <span class='ocrx_word' id='word_1_434' title='bbox 1065 4419 1117 4484; x_wconf 85' lang='lat'><strong>111,</strong></span> <span class='ocrx_word' id='word_1_435' title='bbox 1140 4422 1198 4474; x_wconf 79' lang='lat'><strong>338.</strong></span> <span class='ocrx_word' id='word_1_436' title='bbox 1215 4419 1274 4475; x_wconf 83' lang='lat' dir='ltr'><strong>Am.</strong></span> 
     </span>
     <span class='ocr_line' id='line_1_52' title="bbox 100 4438 1275 4569; baseline -0.007 -21"><span class='ocrx_word' id='word_1_437' title='bbox 100 4495 243 4560; x_wconf 82' lang='lat'><strong>1,15,25.</strong></span> <span class='ocrx_word' id='word_1_438' title='bbox 272 4490 347 4545; x_wconf 84' lang='lat' dir='ltr'><strong>Rem.</strong></span> <span class='ocrx_word' id='word_1_439' title='bbox 366 4493 424 4544; x_wconf 86' lang='grc'><strong>396,</strong></span> <span class='ocrx_word' id='word_1_440' title='bbox 454 4489 534 4543; x_wconf 86' lang='lat' dir='ltr'><strong>Tnst.</strong></span> <span class='ocrx_word' id='word_1_441' title='bbox 555 4490 591 4553; x_wconf 80' lang='grc' dir='ltr'><strong>ΙΙ,</strong></span> <span class='ocrx_word' id='word_1_442' title='bbox 611 4495 668 4545; x_wconf 86' lang='grc'>533.</span> <span class='ocrx_word' id='word_1_443' title='bbox 697 4438 838 4568; x_wconf 53' lang='lat' dir='ltr'><strong>noelli</strong></span> <span class='ocrx_word' id='word_1_444' title='bbox 866 4487 1176 4567; x_wconf 46' lang='lat' dir='ltr'><strong>32‚(11,34,t61„sq.</strong></span> <span class='ocrx_word' id='word_1_445' title='bbox 1203 4486 1275 4569; x_wconf 59' lang='lat' dir='ltr'><strong>Stat,</strong></span> 
     </span>
     <span class='ocr_line' id='line_1_53' title="bbox 100 4503 1276 4636; baseline -0.005 -21"><span class='ocrx_word' id='word_1_446' title='bbox 100 4559 339 4623; x_wconf 69' lang='lat' dir='ltr'><strong>rheumata</strong></span> <span class='ocrx_word' id='word_1_447' title='bbox 369 4557 488 4612; x_wconf 88' lang='lat' dir='ltr'><strong>Macrob.</strong></span> <span class='ocrx_word' id='word_1_448' title='bbox 509 4556 541 4636; x_wconf 73' lang='lat' dir='ltr'><strong>Y,</strong></span> <span class='ocrx_word' id='word_1_449' title='bbox 564 4561 584 4612; x_wconf 92' lang='grc'>1.</span> <span class='ocrx_word' id='word_1_450' title='bbox 603 4558 648 4625; x_wconf 77' lang='lat' dir='ltr'><strong>VI,</strong></span> <span class='ocrx_word' id='word_1_451' title='bbox 671 4561 693 4612; x_wconf 93' lang='grc'>1.</span> <span class='ocrx_word' id='word_1_452' title='bbox 716 4561 744 4611; x_wconf 90' lang='lat' dir='ltr'><strong>et</strong></span> <span class='ocrx_word' id='word_1_453' title='bbox 766 4529 909 4636; x_wconf 78' lang='lat' dir='ltr'><strong>Werchert.</strong></span> <span class='ocrx_word' id='word_1_454' title='bbox 935 4554 967 4609; x_wconf 91' lang='lat' dir='ltr'><strong>de</strong></span> <span class='ocrx_word' id='word_1_455' title='bbox 991 4555 1022 4608; x_wconf 88' lang='lat' dir='ltr'><strong>L.</strong></span> <span class='ocrx_word' id='word_1_456' title='bbox 1040 4555 1117 4609; x_wconf 75' lang='lat' dir='ltr'><strong>Vani</strong></span> <span class='ocrx_word' id='word_1_457' title='bbox 1138 4503 1170 4608; x_wconf 69' lang='lat' dir='ltr'><strong>el</strong></span> <span class='ocrx_word' id='word_1_458' title='bbox 1187 4554 1276 4635; x_wconf 56' lang='lat' dir='ltr'><strong>passu</strong></span> 
     </span>
     <span class='ocr_line' id='line_1_54' title="bbox 100 4622 1275 4695; baseline -0.003 -11"><span class='ocrx_word' id='word_1_459' title='bbox 100 4629 192 4684; x_wconf 78' lang='lat' dir='ltr'><strong>Parin.</strong></span> <span class='ocrx_word' id='word_1_460' title='bbox 210 4627 266 4682; x_wconf 89' lang='lat' dir='ltr'><strong>vita</strong></span> <span class='ocrx_word' id='word_1_461' title='bbox 283 4642 309 4695; x_wconf 88' lang='lat' dir='ltr'><strong>p.</strong></span> <span class='ocrx_word' id='word_1_462' title='bbox 329 4630 370 4681; x_wconf 86' lang='grc'>61.</span> <span class='ocrx_word' id='word_1_463' title='bbox 400 4625 466 4681; x_wconf 88' lang='lat' dir='ltr'><strong>Inde</strong></span> <span class='ocrx_word' id='word_1_464' title='bbox 485 4625 566 4679; x_wconf 78' lang='lat' dir='ltr'><strong>ettam</strong></span> <span class='ocrx_word' id='word_1_465' title='bbox 584 4641 637 4680; x_wconf 93' lang='lat' dir='ltr'><strong>non</strong></span> <span class='ocrx_word' id='word_1_466' title='bbox 657 4626 763 4691; x_wconf 85' lang='lat' dir='ltr'><strong>mirum,</strong></span> <span class='ocrx_word' id='word_1_467' title='bbox 782 4623 901 4678; x_wconf 83' lang='lat' dir='ltr'><strong>Aenerda</strong></span> <span class='ocrx_word' id='word_1_468' title='bbox 919 4622 961 4677; x_wconf 80' lang='lat' dir='ltr'><strong>hu</strong></span> <span class='ocrx_word' id='word_1_469' title='bbox 1015 4625 1043 4676; x_wconf 88' lang='lat' dir='ltr'><strong>to</strong></span> <span class='ocrx_word' id='word_1_470' title='bbox 1061 4622 1148 4676; x_wconf 83' lang='lat' dir='ltr'><strong>adhuc</strong></span> <span class='ocrx_word' id='word_1_471' title='bbox 1168 4625 1275 4681; x_wconf 79' lang='lat' dir='ltr'><strong>urente</strong></span> 
     </span>
     <span class='ocr_line' id='line_1_55' title="bbox 101 4691 1064 4765; baseline -0.011 -13"><span class='ocrx_word' id='word_1_472' title='bbox 101 4698 130 4752; x_wconf 93' lang='lat' dir='ltr'><strong>in</strong></span> <span class='ocrx_word' id='word_1_473' title='bbox 149 4694 249 4752; x_wconf 85' lang='lat' dir='ltr'><strong>scholis</strong></span> <span class='ocrx_word' id='word_1_474' title='bbox 265 4694 322 4765; x_wconf 86' lang='lat' dir='ltr'><strong>legi</strong></span> <span class='ocrx_word' id='word_1_475' title='bbox 339 4696 366 4749; x_wconf 90' lang='lat' dir='ltr'><strong>et</strong></span> <span class='ocrx_word' id='word_1_476' title='bbox 384 4693 503 4750; x_wconf 86' lang='lat' dir='ltr'><strong>enarrari</strong></span> <span class='ocrx_word' id='word_1_477' title='bbox 520 4696 643 4762; x_wconf 83' lang='lat' dir='ltr'><strong>coeptam</strong></span> <span class='ocrx_word' id='word_1_478' title='bbox 661 4709 727 4749; x_wconf 87' lang='lat' dir='ltr'><strong>esse.</strong></span> <span class='ocrx_word' id='word_1_479' title='bbox 761 4691 821 4748; x_wconf 81' lang='lat' dir='ltr'><strong>Vid.</strong></span> <span class='ocrx_word' id='word_1_480' title='bbox 839 4691 912 4748; x_wconf 78' lang='lat' dir='ltr'><strong>intra</strong></span> <span class='ocrx_word' id='word_1_481' title='bbox 930 4707 987 4746; x_wconf 91' lang='lat' dir='ltr'><strong>no.</strong></span> <span class='ocrx_word' id='word_1_482' title='bbox 1007 4692 1064 4743; x_wconf 79' lang='lat'><strong>122.</strong></span> 
     </span>
    </p>
   </div>
   <div class='ocr_carea' id='block_1_7' title="bbox 1024 4770 1066 4829">
    <p class='ocr_par' dir='ltr' id='par_1_12' title="bbox 1024 4770 1066 4829">
     <span class='ocr_line' id='line_1_56' title="bbox 1024 4770 1066 4829; baseline 0 -27"><span class='ocrx_word' id='word_1_483' title='bbox 1024 4770 1066 4829; x_wconf 61' lang='lat' dir='ltr'><strong>c*</strong></span> 
     </span>
    </p>
   </div>
   <div class='ocr_carea' id='block_1_8' title="bbox 0 0 1444 5070">
    <p class='ocr_par' dir='ltr' id='par_1_13' title="bbox 0 0 1444 5070">
     <span class='ocr_line' id='line_1_57' title="bbox 0 0 1444 5070; baseline 0 0"><span class='ocrx_word' id='word_1_484' title='bbox 0 0 1444 5070; x_wconf 95' lang='lat' dir='ltr'><strong> </strong></span> 
     </span>
    </p>
   </div>
  </div>
 </body>
</html>
