2872 5070
125 256 237 304 xxviii
276 234 388 302 DISS.
412 233 476 300 DE
497 233 533 299 P.
555 231 688 297 visite.
710 233 813 298 MAR.
835 232 946 298 VITA
963 232 1033 297 ET.
1056 231 1189 299 OARM.

125 404 184 470 sed
198 404 296 468 etiarn
310 423 416 488 pauca
432 409 557 465 tantum
575 397 730 464 recidisse
742 400 793 482 ⁰⁷),
815 400 963 485 utigitur
980 399 1125 465 recensio
1144 400 1299 465 carminis

125 487 227 553 abiis
249 488 458 550 instituta-
484 482 525 548 de
552 505 615 570 quo
644 483 789 569 profecto
813 492 862 548 est
892 505 949 547 cur
973 481 1069 548 nobis
1096 482 1299 569 gratulemur

132 608 166 618 -
186 568 396 655 Vergilianas
418 567 510 654 poesi
532 565 760 653 quovismodo
780 566 966 652 pepercisse
981 564 1140 630 videatur.
1181 565 1300 646 Quem-

125 652 301 719 admodum
333 662 442 716 autem
480 649 562 714 haec
597 658 743 713 extrema
769 657 885 735 poetae
913 647 1063 715 voluntas
1092 649 1220 735 insigne
1251 658 1301 714 est

125 758 270 803 summae
291 733 470 799 modestiae
493 733 730 813 documentum,
752 734 808 814 ita,
829 732 916 796 side
938 732 1054 796 ceteris
1077 733 1146 797 eius
1168 733 1301 797 virtuti-

124 819 186 885 bus
206 818 415 902 moribusque
437 817 632 904 quaerimus,
668 814 749 879 adeo
778 814 954 901 benignum
976 825 1007 879 et
1028 814 1202 880 humanum
1227 836 1301 880 eum

85 908 88 915 '
125 903 227 968 fuisse
249 923 361 966 omnes
383 901 534 964 unanimo
566 920 726 963 consensu
752 899 906 981 referunt,
942 906 987 981 ut,
1024 920 1152 985 semper
1179 899 1213 962 in
1244 920 1302 964 ore

124 985 249 1051 babens
271 983 439 1070 Euripidis
462 980 542 1047 illud
568 979 607 1045 τὰ
633 983 697 1045 τῶν
726 982 830 1062 61166
856 977 962 1064 κοινά,
990 984 1098 1047 omnia
1127 981 1195 1046 tere
1226 1003 1301 1046 cum

125 1069 240 1134 amicis
259 1067 441 1133 communia
458 1065 594 1130 haberet
606 1066 659 1147 ⁶⁸),
678 1065 760 1130 adeo
776 1087 874 1151 porro
891 1063 1074 1146 candidum,
1097 1073 1302 1130 mansuetum

126 1160 159 1216 et
179 1152 283 1217 omnis
306 1149 451 1214 invidiae
474 1157 652 1236 expertem,
674 1156 709 1212 ut
730 1149 851 1212 nemini
872 1148 1078 1231 obtrectaret,
1110 1157 1143 1212 et
1171 1149 1199 1212 si
1221 1148 1301 1234 quid

126 1236 251 1320 egregii
273 1232 315 1298 ab
332 1232 396 1297 alio
416 1232 600 1319 profectum
614 1241 708 1312 esset,
730 1231 897 1316 gauderet,
919 1253 959 1296 ac
975 1232 1004 1296 si
1020 1233 1091 1319 ipse
1106 1231 1237 1296 fecisset
1249 1231 1302 1312 19).

126 1318 237 1399 Quare
258 1339 324 1381 non
345 1318 461 1380 mirum
477 1325 536 1398 est,
558 1314 725 1379 Maronem
749 1336 861 1379 omnes
882 1314 951 1379 fere
974 1336 1051 1379 suae
1073 1315 1190 1379 aetatis
1212 1315 1302 1380 viros

127 1402 273 1482 eximios,
295 1399 457 1485 imprimis
477 1408 585 1462 autem
608 1405 731 1484 poetas,
754 1398 799 1461 ita
823 1396 885 1462 sibi
909 1396 1108 1480 conciliasse,
1129 1407 1165 1462 ut
1186 1396 1301 1482 abiis,

126 1487 210 1549 inter
238 1506 273 1548 se
302 1485 392 1570 ipsos
425 1480 601 1567 plurimum
631 1480 756 1546 invidia
789 1480 990 1563 ardentibus,
1026 1480 1114 1545 solus
1141 1479 1302 1546 coleretur

127 1589 254 1654 semper
291 1577 322 1630 66
357 1573 533 1646 amaretur,
569 1565 612 1628 im
639 1563 730 1627 rimis
767 1574 875 1628 autem
910 1563 952 1629 ab
988 1564 1103 1628 Asinio
1143 1562 1301 1647 Pollione,

125 1650 324 1728 Maecenate,
345 1647 461 1712 Alfeno
486 1647 584 1729 Varo,
608 1585 704 1712 doru.
729 1645 836 1728 Gallo,
858 1647 897 1711 L.
917 1647 1029 1729 Vario,
1051 1645 1157 1712 Plotio
1180 1647 1301 1726 Tucca,

126 1732 265 1798 Horatio
288 1740 320 1795 et
340 1731 523 1816 Propertio,
547 1729 738 1815 quibuscum
759 1730 907 1794 intimam
936 1731 1114 1795 amicitiam
1144 1740 1177 1795 et
1207 1730 1301 1796 fami-

127 1816 304 1881 liaritatem
327 1815 596 1892 contraxeratV).
632 1812 847 1879 Nihilominus
865 1814 961 1877 etiam
977 1815 1125 1877 inimicos
1141 1812 1301 1898 quosdam

127 1908 160 1963 66
173 1898 409 1963 obtrectatores
422 1895 545 1974 habuit,
556 1897 611 1982 qui
620 1895 841 1973 Octaviani⁷¹)
849 1897 1053 1982 potissimum
1063 1907 1094 1960 et
1101 1895 1301 1962 Maecenatis

127 1983 274 2046 favorem
283 1978 500 2044 eiinvidcntes
514 1980 553 2054 72)
565 1980 786 2044 carminaeius
798 1980 1020 2063 vituperarent
1035 1989 1066 2044 et
1076 1979 1201 2043 insulsa
1209 1989 1300 2066 petu-

128 2064 229 2129 lantia
241 2062 432 2128 arroderent
447 2063 497 2143 ⁷³),
512 2070 547 2126 ut
556 2062 696 2126 Bavium
711 2061 799 2126 illum
811 2071 843 2126 et
855 2063 1022 2128 Maesium
1036 2064 1087 2146 ⁷⁴),
1104 2060 1301 2143 (1661661615)

128 2157 159 2212 61
180 2147 403 2227 Α666661671),
432 2168 512 2231 6666
533 2144 698 2231 Vergilius
719 2145 791 2231 ipse
821 2147 928 2231 carpit
952 2147 987 2210 in
1013 2144 1157 2231 Eologis,
1187 2144 1301 2212 Corni-

128 2230 236 2295 ficium
252 2228 384 2294 Gallum
395 2230 444 2311 ⁷⁷),
467 2227 609 2294 Tullium
625 2226 792 2295 Cimbrum
803 2230 856 2309 78),
873 2228 955 2294 61166
968 2231 1016 2308 ⁷⁹).
1050 2228 1153 2293 Iidem
1174 2227 1226 2294 vel
1245 2228 1303 2294 alii

127 2499 197 2574 6666,
233 2495 275 2548 Cf.
293 2495 391 2548 Donat.
409 2497 432 2572 6.
451 2496 490 2548 59.
510 2493 545 2562 (p.
565 2492 667 2559 6611.)
692 2493 782 2573 ibique
800 2493 886 2574 Hepn.
921 2493 1048 2548 Ceterum
1070 2493 1189 2564 atquae
1209 2495 1243 2550 de
1260 2495 1305 2550 his

126 2563 249 2617 versibus
267 2562 432 2629 imperfectis
453 2561 488 2615 ad
506 2562 573 2616 Aen.
593 2561 615 2640 1,
634 2564 691 2615 534.
711 2561 915 2630 disputavimus.

194 2632 236 2696 61)
255 2629 296 2684 Cf.
313 2630 411 2684 Donat.
429 2627 447 2683 l.
468 2627 488 2682 l.
513 2630 541 2683 et
558 2627 702 2684 Werobert.
729 2628 762 2683 (16
780 2645 863 2683 verss.
887 2629 985 2683 iniuria
1006 2644 1097 2699 suspp.
1117 2647 1141 2699 p.
1161 2635 1202 2683 51.
1220 2633 1248 2685 66
1270 2630 1305 2686 de

127 2697 158 2751 L.
175 2697 250 2751 Varii
278 2699 306 2752 et
329 2696 417 2752 Cassii
435 2695 525 2750 Pann.
550 2695 607 2749 rita
630 2714 655 2765 p.
679 2700 711 2751 69
730 2713 769 2766 66.
805 2695 919 2751 Eosdem
950 2697 1042 2752 tamen
1071 2698 1191 2768 singulos
1220 2697 1306 2754 libros

24 2824 36 2840 „
131 2765 286 2819 distinxisse
303 2766 415 2819 narrant
432 2763 618 2819 Grammatici.
654 2763 693 2819 cf.
712 2764 796 2833 Hsyn.
815 2765 849 2818 ad
867 2765 932 2819 Aen.
950 2764 982 2818 V.
1001 2767 1068 2819 extr.

194 2836 236 2897 68)
253 2833 351 2887 Donat.
370 2838 392 2898 §.
406 2834 447 2885 66.
462 2835 497 2900 (p.
510 2835 550 2885 66.
561 2831 621 2897 Β.*)
649 2831 693 2886 816
706 2832 787 2886 etiam
800 2835 926 2902 parentes
938 2848 1009 2897 snos,
1045 2832 1155 2888 usmdiu
1167 2834 1304 2902 virebant,

126 2899 313 2956 liberalissime
326 2900 394 2955 aluit
406 2901 435 2954 et
447 2898 612 2954 sustentavit
625 2898 733 2966 (Donat.
746 2905 768 2964 6,
783 2904 823 2953 25.
838 2902 848 2965 (
868 2900 988 2967 .51.11.*)
1001 2849 1061 2955 coll.
1076 2917 1137 2955 cuni
1149 2901 1304 2968 (1666111.)

185 2970 237 3047 ,69)
255 2969 351 3047 Donat.
370 2973 391 3033 6.
407 2970 439 3020 65
452 2983 492 3036 sq.
503 2966 667 3086 ἱ(666161)
679 2966 739 3020 6611.
759 2984 819 3021 cuin
864 2983 902 3021 or.
923 2967 978 3023 sit.
997 2967 1020 3030 1.
1036 2973 1060 3031 5,
1080 2973 1120 3023 46.
1140 2968 1161 3036 I,
1175 2973 1199 3029 6,
1214 2975 1255 3024 51.
1275 2975 1304 3025 66

126 3036 290 3091 testimoniis
307 3038 427 3090 veterum
445 3051 488 3102 ap.
530 3033 1147 3106 6661661161.1.6.ΟΧΧΧΠ166.66111666.
1175 3037 1303 3092 Ceterum

126 3104 160 3159 ab
179 3103 291 3157 Horatio
309 3103 366 3157 Sat.
386 3103 408 3165 I,
428 3105 452 3165 3,
472 3105 504 3155 26
524 3118 582 3181 666.
602 3101 691 3155 verbis
708 3102 878 3157 Iracuadior
896 3110 935 3157 cat
949 3104 1038 3173 poulo
1053 3132 1065 3144 ·
1078 3133 1089 3145 -
1107 3112 1137 3158 ut
1153 3113 1193 3158 cst
1209 3107 1303 3173 bocas,

125 3180 155 3225 61
172 3172 269 3225 melior
288 3172 331 3224 oir
349 3170 416 3224 Noa
433 3170 508 3225 elisis
526 3187 670 3238 quaequam
687 3173 739 3223 etc.
774 3169 829 3225 Ver
849 3169 924 3224 ''um
954 3169 1108 3240 significari,
1131 3172 1244 3227 Aesonis
1274 3175 1304 3229 et

126 3238 339 3294 Scholiastarum
371 3240 412 3292 est
443 3235 811 3316 616166661616611611.
843 3254 894 3306 ,6.
913 3241 989 3294 2648.
1018 3256 1070 3293 666
1096 3239 1133 3293 im
1152 3240 1302 3295 robabilem

127 3308 225 3371 censet,
244 3322 390 3376 qumquam
408 3321 424 3358 a
471 3304 579 3373 advigio
599 3307 627 3359 et
644 3305 780 3359 Diiutzero
797 3306 852 3361 iarn
875 3306 944 3360 satis
966 3306 1087 3362 66166666
1108 3257 1221 3363 videtur.
1257 3309 1301 3366 Cf.

127 3374 244 3443 prtlius
262 3375 377 3428 Etaieis.
392 3389 421 3452 p.
439 3372 588 3452 11111666.
609 3376 655 3452 16.Ι
681 3372 807 3427 Ceterum
825 3373 858 3428 de
877 3373 985 3443 ingenio
1003 3376 1123 3430 moribus
1144 3392 1177 3431 ue
1188 3376 1302 3446 Vergilii

127 3443 159 3498 61.
179 3442 372 3496 sainte-Besso
390 3456 418 3493 in
436 3440 579 3493 Monsteur
600 3441 742 3494 Unsserssl
763 3443 835 3496 1855.
854 3458 880 3496 n.
900 3445 958 3496 351.
981 3445 1038 3497 365.
1067 3445 1095 3497 66
1119 3393 1191 3498 ibbo.
1210 3460 1236 3498 ii.
1261 3449 1301 3500 11.

127 3514 168 3565 28.
187 3513 227 3563 42.
247 3514 288 3563 49,
308 3513 349 3562 63.
369 3512 410 3561 ii.
431 3512 459 3573 (a
477 3507 609 3576 Wagnero
626 3507 748 3562 Prooem.
769 3525 795 3577 6.
813 3509 885 3563 XIV.
904 3508 1006 3631 laud}3

193 3582 224 3631 16
254 3577 296 3630 Cf.
305 3576 403 3630 Donat.
417 3580 439 3640 6.
453 3577 485 3628 38
498 3591 538 3644 66.
551 3577 578 3629 66
590 3579 629 3630 61.
643 3577 679 3646 (p.
689 3579 731 3632 66.
743 3576 771 3631 66
780 3579 821 3631 66.
832 3577 891 3644 R.*)
910 3594 972 3632 cum
1008 3593 1046 3632 or.
1057 3578 1115 3634 Sat.
1128 3578 1150 3646 I,
1164 3583 1188 3647 b,
1197 3583 1230 3633 46
1240 3596 1300 3660 sqq.

193 3649 221 3699 11
255 3644 340 3710 Quem
366 3643 394 3696 in
412 3642 521 3721 Eclogis
551 3643 631 3697 nimis
661 3642 789 3698 adulatus
818 3661 877 3700 esse
902 3644 1052 3701 videbatur.
1088 3645 1128 3701 Cf.
1149 3647 1256 3702 11666661
1273 3665 1302 3701 in

126 3713 202 3768 Actis
240 3712 351 3793 eminas.
367 3726 426 3790 reg.
439 3710 510 3830 phil.
531 3710 658 3792 Lipsss
678 3727 706 3779 p.
726 3717 767 3766 55.
1234 3718 1238 3722 ’

192 3785 235 3846 12)
255 3778 296 3833 Cf.
316 3777 458 3833 Verebar.
478 3777 511 3832 do
528 3778 634 3833 Horatu
657 3780 885 3835 obtrectatoribus
909 3781 937 3834 iii
955 3780 1045 3836 Poett.
1063 3782 1138 3836 Latt.
1165 3782 1229 3836 vitis
1247 3784 1301 3838 etc.

128 3866 153 3918 ρ’
173 3852 224 3969 wll
239 3864 314 3992 81161.
337 3912 432 3967 Donat.
451 3917 472 3978 §.
491 3917 521 3967 61
537 3930 593 3983 sqq.
613 3917 708 3995 (6165.
727 3915 770 3980 Β.)
788 3914 880 3996 ibique
898 3917 939 3970 He
958 3915 1018 3996 6166
1037 3918 1064 3971 66
1083 3916 1227 3972 Weichert.
1246 3917 1266 3971 l.
1282 3919 1302 3972 1.

193 3987 225 4036 'lt
256 3979 317 4033 vid.
335 3979 390 4034 Ecl.
408 3980 458 4045 ΙΠ,
478 3985 519 4038 96.
539 3982 578 4036 De
595 3982 678 4036 Bavio
696 3983 724 4037 et
742 3983 846 4037 Maeuio
864 3982 898 4038 61.
951 3984 1059 4039 eichert.
1077 3986 1095 4039 l.
1108 3985 1127 4039 1.
1138 4003 1164 4056 p.
1179 3988 1228 4039 316
1240 4002 1300 4056 sqq.

123 4050 263 4106 Kirchner.
283 4047 391 4113 Quaest.
412 4048 504 4104 Horat.
523 4067 550 4118 p.
568 4053 608 4104 23.
628 4053 655 4104 66
672 4050 799 4106 Ribbeck.
817 4051 922 4121 Proleg.
940 4070 967 4133 p.
987 4056 1027 4106 96.

193 4120 237 4183 15)
258 4116 316 4195 Vid.
337 4115 392 4168 Ecl.
412 4116 444 4179 V,
464 4120 502 4172 16,
522 4119 550 4172 66
567 4117 628 4185 Vll,
647 4122 687 4172 22.
706 4121 759 4184 26.,
778 4121 807 4172 66
842 4120 947 4174 nasibi
965 4119 1161 4175 adnotavimus.

193 4188 237 4246 16)
256 4183 316 4262 Vid.
330 4183 384 4237 1161.
398 4183 446 4247 ΙΧ,
459 4185 609 4265 66116666.
624 4190 647 4251 6.
661 4189 702 4239 61.
715 4191 753 4307 (p.
764 4190 806 4240 66.
851 4187 874 4254 *)
889 4189 917 4242 66
928 4188 1071 4268 Weichert.
1082 4188 1101 4241 l.
1112 4188 1131 4242 l.
1144 4206 1169 4258 p.
1183 4191 1230 4242 166
1241 4206 1299 4260 666.

193 4254 238 4383 iii
257 4249 436 4384 1116111111τι
452 4252 673 4385 insll.lVllIleh,erd,
689 4254 1133 4392 121616..46161186116116111110111161.
1156 4327 1225 4390 282,
1253 4326 1301 4395 661

125 4388 197 4441 hunc
216 4387 352 4441 Cimbrum
370 4389 449 4469 plane
467 4405 496 4442 se
514 4388 608 4456 sugere
625 4388 737 4442 fatetur.
1331 4410 1336 4417 ·

192 4458 234 4518 19)
253 4453 293 4508 Of.
308 4455 440 4524 imprimis
452 4456 551 4510 Donat.
566 4461 588 4521 6.
602 4460 633 4509 61
649 4472 706 4526 666.
727 4459 737 4523 (
758 4497 764 4510 .
777 4458 880 4526 6511),
900 4459 947 4529 661
957 4460 1029 4513 inter
1041 4458 1095 4513 alia
1107 4464 1302 4516 commemorat

125 4523 292 4603 anonymum
304 4523 438 4603 quendam
451 4524 541 4592 [quern
554 4522 696 4577 Weichert.
708 4474 756 4579 11.
767 4543 793 4596 p.
805 4530 861 4584 614.
884 4527 998 4582 Bavium
1011 4528 1061 4581 aut
1069 4527 1204 4582 Maesium
1216 4529 1301 4585 161666

126 4592 284 4660 suspicatur]
315 4591 456 4661 scripsisse
485 4590 552 4645 duas
574 4590 690 4660 Eclogas
720 4593 915 4651 insulsissimae
943 4594 1189 4651 Aatibucolicorum
1212 4598 1301 4651 nomi·

124 4673 164 4724 66,
189 4660 284 4732 661666
308 4659 364 4714 Eol.
382 4660 406 4713 1.
425 4662 454 4714 et
471 4657 522 4715 111.
546 4658 719 4716 cavillaretur
740 4661 785 4730 (ct.
804 4663 888 4734 Heyn.
914 4665 942 4717 et
961 4663 1055 4734 Wagn.
1071 4663 1107 4720 sd
1123 4663 1225 4719 Donati
1241 4664 1261 4720 1.
1280 4665 1299 4723 1
