2872 5070
548 1075 583 1158 P.
611 1074 800 1159 Vllliillbl
823 1071 1029 1157 nilonis

447 1243 1135 1380 AENEIS.

629 1468 743 1534 alulit
764 1463 943 1534 cellulis,

481 1743 489 1760 ‘
591 1731 998 1816 ARdUlllllllUli.

269 1936 377 1991 Turnus
394 1934 459 1988 belli
478 1934 555 2003 signo
573 1951 604 1990 er
616 1934 746 1990 Laurenti
764 1950 825 1989 arca
843 1934 977 2004 proposito
995 1933 1112 2002 undique
1132 1933 1268 1988 contrahit
1280 1934 1383 1989 auxilia

203 2008 232 2061 et
248 2003 382 2058 Venulum
400 2002 486 2057 drlos
511 2002 545 2056 ad
563 2002 719 2057 Diomedem
746 2019 837 2071 regem
854 2002 949 2066 mittit,
973 2005 1005 2057 ut
1026 2018 1088 2056 euru
1148 2001 1227 2056 riculi
1249 2001 1383 2058 minantis

203 2074 278 2128 metu
300 2071 335 2126 ud
358 2069 424 2125 belli
447 2069 602 2126 societatem
626 2070 747 2140 pelliciat
769 2075 803 2138 (r.
827 2073 934 2139 1-17.).
969 2072 1074 2125 Aeneae
1120 2085 1135 2123 e
1158 2069 1228 2123 bello
1257 2069 1382 2126 instante

204 2139 321 2194 sollicito
340 2138 529 2207 copiarumque
546 2154 657 2191 suarum
675 2137 807 2218 paucitati
835 2136 970 2191 diffidenti
986 2136 1126 2193 Tiberinus
1143 2137 1169 2190 in
1187 2153 1281 2191 somno
1297 2155 1381 2219 appa·

204 2211 247 2264 ret
271 2222 385 2275 eumque
402 2205 506 2259 solatur
521 2208 550 2259 et
567 2205 684 2260 Evandrr
704 2207 783 2274 regis,
806 2205 853 2275 qui
877 2221 909 2260 ex
927 2204 1044 2260 Arcadia
1060 2204 1190 2284 profugus
1208 2205 1235 2258 in
1254 2205 1380 2262 Palatino

205 2277 298 2331 monta
329 2273 457 2344 oppidum
479 2272 586 2326 nomine
603 2273 773 2328 Pallanteum
792 2273 957 2337 condiderat,
987 2271 1115 2327 auxilium
1133 2272 1277 2342 implorare
1293 2273 1381 2338 iubet,

223 2347 348 2413 ostquam
377 2357 453 2396 suem
481 2340 572 2395 albam
602 2356 661 2395 eum
700 2339 804 2396 arcellis
823 2340 892 2396 albis
910 2340 938 2394 iu
955 2357 986 2395 eo
1003 2339 1061 2395 loco
1079 2339 1220 2400 invenerit.
1251 2341 1298 2394 ubi
1318 2345 1382 2411 post

202 2360 336 2466 bacarius
352 2409 451 2464 Albam
472 2408 594 2476 Longam
617 2425 665 2462 eon
695 2411 775 2463 turus
800 2409 838 2463 sit
855 2411 1010 2475 (ld—100).
1034 2409 1139 2463 Aeneas
1155 2407 1240 2488 igitur
1259 2425 1307 2464 suc
1331 2409 1383 2465 illa

203 2478 314 2533 iuventa
336 2478 365 2531 et
382 2475 479 2531 lunoni
501 2478 621 2530 mactata
638 2476 728 2530 Tiberi
748 2477 894 2531 subvectus
910 2475 939 2530 in
957 2492 988 2530 ea
1005 2476 1063 2530 loca
1080 2475 1195 2538 devenit,
1221 2476 1268 2530 ubi
1286 2479 1384 2546 postea

203 2546 289 2601 ltoma
311 2543 421 2599 condita
438 2545 487 2605 est,
513 2542 605 2612 ibique
623 2544 657 2598 ab
675 2543 808 2611 Evandro,
850 2543 878 2598 ui
902 2542 973 2597 forte
991 2543 1019 2597 in
1037 2543 1098 2597 luco
1117 2547 1181 2597 aute
1199 2544 1292 2599 urbem
1310 2544 1381 2600 Her·

204 2613 259 2668 culi
281 2611 492 2667 anniversarium
516 2626 623 2664 sacrum
647 2611 782 2674 instituit,
810 2561 942 2666 adventus
965 2612 1007 2665 sui
1030 2626 1112 2666 causa
1135 2611 1244 2680 cognita
1264 2611 1383 2682 benigne

204 2680 321 2750 hospitio
338 2695 398 2734 exce
418 2681 463 2732 tus
482 2677 577 2733 foedus
595 2695 655 2732 cum
673 2694 704 2732 eo
724 2679 790 2734 iacit
808 2681 983 2746 (tol-ltu).
1003 2677 1127 2734 Evander
1144 2695 1253 2733 causam
1273 2679 1383 2735 illorum

204 2763 343 2826 sacrorum
366 2763 382 2801 a
439 2747 462 2799 ci
484 2761 547 2800 nece
571 2746 714 2814 repetitam
737 2746 856 2801 stritus
879 2745 1002 2800 sacrificii
1024 2748 1130 2801 Aeneae
1152 2746 1236 2800 sacris
1257 2746 1383 2829 adhibitc

204 2815 599 2960 tttnitttntllllt
617 2813 1384 2961 titillatulttndlttlttiutal

205 2951 381 3015 <aaa—368.).
411 2947 497 3002 Nocte
520 2950 644 3002 mseouta
660 2948 751 3003 Venus
775 2948 808 3002 de
826 2949 952 3016 pauculus
968 2948 1024 3004 filio
1042 2949 1245 3004 imminentibus
1262 2949 1385 3006 sollicita

204 3018 409 3072 blandientibus
426 3016 578 3070 Vulcanum
600 3015 659 3070 adit
681 3016 814 3085 precibus,
846 3017 878 3069 ut
901 3032 976 3071 arma
1000 3018 1105 3072 Aeneae
1127 3017 1283 3085 fabricetur,
1327 3019 1385 3074 uod

202 3086 249 3140 ille
273 3084 346 3140 haud
375 3086 519 3139 cunctatus
545 3083 682 3153 promittit
707 3085 855 3152 statimque
882 3083 917 3137 ad
941 3100 1007 3153 opus
1035 3084 1197 3153 promissum
1221 3084 1256 3139 ad
1276 3103 1305 3141 re
1327 3088 1385 3142 'tur

203 3155 377 3221 (wil-lta).
413 3151 548 3207 Postridie
568 3150 690 3205 Evander
713 3151 747 3206 ad
765 3153 874 3206 Aenean
893 3168 921 3205 se
945 3151 1049 3208 confert
1067 3169 1181 3222 eumque
1200 3152 1253 3208 vali
1274 3154 1315 3209 'us
1334 3172 1383 3211 au-

204 3221 307 3287 xilium,
337 3237 417 3289 quam
441 3220 497 3288 ipse
519 3219 647 3288 praebere
673 3219 768 3286 possit,
798 3236 815 3272 a
839 3219 995 3273 Caeretanis
1017 3219 1139 3274 Etruscis
1163 3237 1272 3290 sperare
1294 3219 1383 3287 iubet,

204 3290 296 3342 tamen
321 3287 532 3357 quadringentos
554 3288 627 3340 certe
652 3286 757 3355 equites
780 3286 864 3341 lectos
881 3286 1015 3353 Pallante,
1045 3287 1100 3341 filio
1124 3305 1182 3351 suo,
1210 3288 1278 3344 duee
1301 3291 1328 3345 ei
1353 3308 1384 3346 se

205 3355 350 3408 missurum
380 3353 516 3433 promittit
545 3356 718 3433 (ata—¹519).
754 3355 858 3408 Aeneas
886 3355 1026 3433 a'Venere
1055 3354 1193 3477 prodiffilo·
1206 3357 1384 3440 confirmatus

205 3421 1384 3569 luittdltunstilbllaatiliillatutttiualunitt

205 3556 239 3611 ad
257 3557 359 3611 bellum
378 3559 486 3635 eusdem
505 3561 626 3637 grayrter
643 3559 793 3637 commotus
811 3506 935 3620 ‹bmrttrt
959 3557 1063 3613 Aeneas
1085 3575 1147 3612 vero
1167 3574 1299 3616 unacum
1318 3562 1383 3618 Pal·

205 3625 279 3678 lante
305 3628 333 3678 et
364 3624 472 3693 reliquis
501 3641 583 3693 copus
611 3641 666 3678 suis
694 3625 727 3678 ad
751 3627 841 3680 castra
864 3625 980 3680 Etrusca
1003 3626 1182 3694 proficiscitur
1206 3631 1382 3694 (toa-cca).

204 3692 295 3746 Venus
318 3708 395 3746 arma
417 3691 570 3745 aVulcauo
593 3693 666 3746 iacta
690 3692 778 3747 desert
800 3692 835 3746 ad
859 3693 954 3756 lilium,
1000 3694 1027 3747 ui
1047 3711 1086 3759 aa,
1105 3693 1237 3762 imprimis
1256 3697 1382 3768 clipeum,

204 3760 232 3812 in
261 3776 313 3829 qno
341 3775 383 3813 res
401 3759 536 3813 Romanae
554 3776 570 3812 a
588 3760 700 3814 Romulo
719 3765 746 3814 ot
765 3761 848 3814 Remo
865 3776 898 3814 us
918 3777 951 3814 ue
1019 3763 1173 3831 Augustum
1194 3762 1300 3821 effictae
1318 3784 1382 3822 con·

205 3827 362 3896 spiciuntur‚
382 3843 435 3880 uon
452 3826 521 3882 satis
538 3829 630 3896 potest
648 3827 740 3882 mirari
757 3776 930 3896 (bod-7313.
