2872 5070
309 235 580 303 PROOEMIUM
600 234 712 302 EDIT
732 235 835 303 ONIS
862 236 1087 318 QUARTAE.
1236 258 1285 306 vu

109 429 180 472 mos
205 414 278 491 post
297 403 379 502 Bhil.
395 403 599 500 Wagnerum
621 403 665 477 (in
684 402 810 500 Vergili
823 402 1032 501 Carminibus
1050 405 1093 470 ad
1113 407 1284 492 pristinam

110 488 378 636 orthograpbram
398 499 575 564 revocatis,
597 485 792 572 Heynranae
814 486 889 551 edit.
913 486 985 553 Vol.
1008 489 1060 567 V.)
1082 489 1124 553 ab
1139 489 1284 577 Hauptio

112 584 144 636 et
167 572 206 635 Ri
233 571 347 636 beckio
375 579 524 656 receptos
546 575 594 647 (ut
615 569 713 655 paulo
735 571 918 718 asperiores
946 572 1068 637 formas
1090 572 1284 638 thensau·

110 678 190 736 rus,
211 656 440 720 formonsus
463 656 537 733 etc.)
557 663 704 800 repetere
727 651 771 717 du
795 654 959 730 itavimus‚
983 677 1024 719 ne
1045 655 1142 720 nimis
1171 678 1284 721 caseus

110 738 380 803 nitidissimorum
402 740 582 801 carminum
625 735 731 800 abitus
745 734 883 800 lectores
899 736 1077 802 offenderet
1099 748 1131 803 et
1151 740 1284 805 iuvenes

111 821 270 886 bonarum
291 820 458 884 literarum
481 818 642 884 studiosos
665 828 896 884 consternaret.
938 820 1189 886 Distinctionem
1210 844 1284 888 con·

109 914 218 968 textae
245 906 401 968 orationis
429 901 598 988 permultis
625 904 708 966 inter
734 902 875 988 ungendi
899 905 1000 987 signis
1023 904 1154 984 deletis,
1182 927 1286 991 quan-

107 999 176 1052 tum
189 986 261 1051 fieri
274 988 386 1072 potuit,
398 988 570 1049 minuimus
585 996 618 1050 et
631 988 691 1049 sim
710 925 860 1050 liciorem
875 984 1087 1052 reddidimus.
1123 988 1283 1053 Numerus

108 1069 269 1151 locorum,
321 1093 378 1135 uos
406 1079 502 1155 poeta
523 1077 633 1135 noster
655 1008 714 1133 vel
730 1068 770 1134 ab
794 1067 866 1134 aliis
889 1071 1027 1156 scriptos
1048 1072 1120 1157 ipse
1141 1072 1285 1137 imitatus

110 1165 174 1234 est,
210 1153 261 1217 vel
288 1092 360 1218 dliis
388 1152 552 1217 scribendi
585 1152 770 1239 exemplum
804 1154 956 1238 praeivit,
987 1153 1170 1241 quibusque
1201 1177 1285 1220 com·

110 1236 267 1323 parandis
299 1259 427 1334 semper
452 1234 587 1300 multum
614 1258 733 1322 operae
762 1238 971 1317 navavimus,
1004 1259 1045 1301 ex
1073 1236 1165 1321 largo
1193 1237 1286 1304 Wol-

112 1318 389 1385 dem.Ribbeck1i
413 1341 500 1418 penu
521 1318 617 1383 valde
647 1321 751 1404 potuit
779 1322 907 1404 augeri3
940 1318 1180 1384 Grammaticos
1206 1343 1285 1385 vero

112 1401 255 1487 singulos
295 1402 435 1487 Vergilii
473 1424 587 1466 versus
627 1403 811 1479 afferentes,
846 1424 984 1486 quorum
1017 1401 1104 1467 locos
1136 1402 1285 1488 diligenti

110 1510 188 1550 cura
214 1485 348 1569 collegit
373 1490 450 1550 Otto
475 1484 692 1563 Ribbeckius,
724 1493 791 1546 tum
822 1493 948 1546 tantum
974 1483 1195 1565 laudavimus,
1227 1486 1284 1551 ubi

109 1570 161 1633 vel
183 1567 279 1632 lectio
304 1567 355 1630 vel
377 1569 602 1650 interpretatio
626 1564 736 1647 aliqua
763 1587 873 1629 eorum
900 1567 1093 1630 auctoritate
1118 1568 1284 1633 fulcienda

109 1667 189 1717 erat.
233 1651 410 1713 Praeterea
436 1669 497 1733 pro
517 1647 729 1731 Argumentis
758 1669 799 1710 ex
821 1645 995 1733 Heyniana
1023 1648 1164 1713 editione
1195 1674 1285 1737 repe·

110 1737 178 1798 titis
199 1753 286 1795 nunc
308 1752 394 1793 nova
415 1731 485 1828 ipse
502 1731 680 1814 conscripsi
704 1740 735 1794 et
749 1731 783 1793 in
804 1729 941 1794 aliorum
960 1734 1126 1796 sententiis
1149 1733 1284 1798 afferen-

112 1817 181 1896 dis,
203 1814 255 1877 Hc
280 1813 327 1876 nii
351 1811 552 1878 brevioribus
575 1812 706 1877 scholiis
729 1813 889 1900 exceptis,
918 1815 1021 1899 magis
1044 1816 1157 1896 etiam,
1188 1840 1284 1904 quam

112 1902 146 1962 in
167 1896 240 1961 edit.
256 1835 301 1960 ll.
320 1904 351 1959 et
363 1895 430 1974 llI.,
453 1894 594 1959 abstinui
612 1898 737 1961 ratione
754 1895 819 1976 illa,
842 1919 940 1983 quam
960 1899 993 1961 in
1011 1899 1118 1985 prima
1142 1899 1284 1965 editione

113 1979 200 2044 haud
223 2001 297 2042 raro
320 1991 448 2043 secutus
472 2001 552 2056 sum,
576 1988 610 2043 ut
629 1978 766 2043 aliorum
790 1977 1054 2045 adnotationibus
1079 1981 1121 2045 ad
1145 1983 1284 2047 verbum

112 2063 283 2147 descriptis
317 2072 465 2126 auctores
502 2063 592 2159 ipsos
625 2060 790 2149 loquentes
823 2062 1025 2143 inducerem,
1065 2063 1152 2162 quod
1186 2088 1283 2152 quam

109 2145 256 2210 odiosum
275 2146 326 2224 sit,
350 2146 554 2231 experientia
576 2144 708 2210 edoctus
727 2168 815 2229 sum3
859 2168 1033 2233 uamquam
1053 2171 1080 2210 sr
1095 2147 1184 2212 idem
1201 2150 1282 2214 meis

108 2227 372 2292 adnotationibus
406 2229 582 2308 evenisset,
619 2227 653 2292 id
687 2228 766 2292 mihi
799 2167 898 2292 mirlto
934 2232 1119 2315 exoptatius
1159 2232 1283 2310 fuisset,

108 2334 204 2398 quam
235 2310 321 2398 quod
350 2311 405 2375 alii
434 2311 565 2410 quidam
594 2312 722 2375 nomine
744 2335 815 2376 meo
838 2334 1013 2397 suppresso
1035 2336 1108 2378 mea
1131 2336 1191 2399 pro
1216 2316 1284 2378 suis

108 2393 326 2458 venditarunt.
368 2394 529 2481 Equidem
552 2404 638 2458 certe
659 2396 849 2481 neutiquam
871 2394 1012 2480 probare
1035 2418 1168 2482 possum
1187 2399 1282 2461 ratio·

107 2500 181 2541 nem
206 2475 293 2541 illam
320 2500 405 2541 nunc
430 2479 498 2543 fere
526 2500 588 2541 usu
613 2486 796 2562 receptam,
830 2498 895 2560 qua
921 2477 1061 2543 editores
1090 2480 1198 2543 omnia
1226 2501 1283 2544 suo

108 2560 238 2624 nomine
260 2562 480 2646 pronuntiant,
502 2583 541 2624 ac
566 2561 708 2624 sinemo
731 2558 817 2623 idem
840 2563 906 2624 iam
929 2570 1025 2624 antea
1048 2560 1202 2640 dixisset,
1226 2562 1284 2627 sed

108 2644 217 2728 potius
251 2645 463 2728 interpretum
496 2645 644 2724 nomina,
679 2644 733 2729 qui
767 2665 886 2707 novam
919 2643 1062 2741 aliquam
1098 2647 1284 2730 opinionem

108 2725 321 2812 protulerunt,
346 2725 465 2811 ubique
481 2726 559 2789 mihi
579 2724 762 2790 adiicienda
779 2747 850 2789 esse
866 2738 988 2811 putavi,
1011 2729 1072 2790 etsi
1095 2729 1167 2813 ipse
1186 2727 1282 2813 plane

109 2831 180 2872 curn
204 2810 244 2872 iis
266 2809 516 2873 consentiebam.
559 2809 732 2874 Librorum
756 2832 819 2873 non
836 2809 952 2873 Latino
970 2832 1118 2874 sermone
1142 2813 1284 2895 scripto·

108 2914 179 2955 rum
202 2890 310 2956 titulos
333 2901 401 2956 tum
422 2901 546 2957 tanturn
563 2891 679 2956 Latine
702 2889 840 2972 reddidi,
863 2891 918 2956 ubi
940 2892 1001 2958 hoc
1022 2892 1190 2958 commode
1212 2894 1284 2957 fieri

109 2983 238 3059 poterat
260 2979 306 3053 (ut
324 2974 430 3039 Iahnii
451 2973 594 3039 Annales
622 2972 711 3060 phil,
737 2973 884 3038 Museum
907 2974 1113 3055 Rhenanum,
1143 2975 1285 3041 Corssen

110 3058 150 3122 de
184 3070 334 3142 pronuut.
365 3065 451 3137 etc),
487 3068 659 3144 praeterea
697 3069 804 3120 autem
837 3058 1029 3122 vernaculos
1061 3060 1206 3132 servavi,
1238 3064 1285 3134 (ut

110 3139 271 3204 Muetzcll.
288 3139 437 3202 Zet’tsclar.
456 3143 486 3225 f.
502 3140 532 3201 d.
552 3138 743 3222 (lanan-W,
761 3138 909 3203 Zeitselrr.
923 3142 952 3223 f.
964 3141 993 3203 d.
1013 3140 1146 3204 Oeeterr.
1163 3141 1284 3225 Gyarae,

109 3223 198 3287 Neue
217 3221 448 3305 Formenlehre,
466 3224 582 3307 Henry
599 3221 715 3284 sllrreloe
731 3244 827 3303 years
842 3244 958 3318 voyage
977 3229 1059 3302 etc),
1075 3222 1162 3308 quod
1176 3247 1282 3299 nomo,

109 3316 198 3392 pute,
218 3304 428 3393 improbabit.
471 3306 622 3404 Denique
643 3302 789 3368 Iudicem
811 3303 954 3368 melroris
973 3328 1051 3371 cons
1076 3318 1165 3371 ectus
1186 3331 1285 3372 causa

109 3393 143 3454 in
172 3402 310 3473 quatuor
341 3399 452 3475 partes
483 3389 580 3453 divisi
610 3396 640 3452 et
667 3386 762 3451 valde
790 3386 994 3474 locupletavi.
1071 3391 1098 3453 is
1127 3392 1284 3476 expositis

108 3495 300 3538 asseverare
334 3495 483 3558 possum,
513 3471 634 3536 nullam
665 3472 733 3535 fere
761 3469 855 3533 huius
883 3494 988 3536 novae
1017 3472 1166 3538 editionis
1194 3477 1285 3560 pagi-

109 3578 185 3620 nam
209 3559 277 3619 sine
299 3555 407 3619 multis
431 3554 686 3621 correctionibus
716 3565 747 3617 ct
768 3552 998 3619 additamentis
1020 3557 1196 3637 mansisse,
1220 3579 1283 3641 quo

108 3640 232 3704 facturn
260 3648 322 3714 cst,
352 3648 386 3702 ut
417 3639 557 3704 ambitus
588 3640 656 3702 eius
687 3637 815 3701 circiter
844 3635 928 3702 CCL
982 3640 1087 3724 aginis
1116 3648 1284 3704 cresceret.

110 3719 210 3801 Quod
239 3733 346 3786 autem
374 3720 415 3786 de
442 3721 539 3786 rebus
568 3718 762 3808 quibusdam
795 3719 933 3784 diversis
958 3661 1046 3786 locis
1080 3721 1131 3786 bis
1163 3721 1283 3787 dictum

110 3815 177 3885 est,
206 3803 292 3890 quod
324 3803 463 3869 indicem
493 3813 675 3868 retractans
705 3802 866 3883 intellexi,
893 3803 927 3866 id
955 3802 1090 3869 lectores
1114 3807 1182 3869 seni
1204 3804 1285 3869 obli·

109 3889 201 3953 vioso
236 3886 390 3952 benevole
426 3887 611 3953 condonare
641 3896 672 3949 et
699 3886 836 3950 alterum
865 3885 970 3950 locum
1001 3909 1041 3951 ex
1076 3887 1177 3952 altero
1211 3911 1284 3975 sup·

134 3969 200 4035 lere
227 3969 336 4037 velint.
380 3970 446 4036 Sed
475 4008 513 4018 -
542 3970 685 4052 „habent
714 3992 772 4033 sua
799 3968 868 4032 fata
896 3967 1026 4050 libelli“,
1059 3979 1155 4058 atquc
1185 3972 1283 4034 etiarn

109 3993 191 4118 baec
225 4077 313 4121 nova
347 4054 445 4119 editio
477 4055 679 4141 iniquitatem
714 4064 896 4137 temporum
930 4063 1067 4139 experta
1100 4064 1157 4118 est.
1202 4053 1283 4118 Cum

112 4138 196 4200 enim
211 4137 451 4203 Commentario
473 4160 543 4202 meo
565 4137 743 4200 maximam
758 4144 884 4221 partem
907 4136 971 4200 iam
994 4148 1068 4200 ante
1091 4135 1208 4200 bellum
1228 4160 1283 4200 no-

111 4221 280 4285 vissimum
304 4221 483 4305 composito
507 4230 539 4283 et
560 4221 656 4283 tertia
678 4221 744 4282 fere
785 4227 854 4281 arte
867 4218 939 4282 Vol.
961 4218 1094 4283 secundi
1110 4221 1198 4305 typis
1219 4221 1284 4283 iam

110 4305 277 4389 exscripta
291 4301 411 4368 bellum
428 4312 575 4367 exortum
591 4325 706 4388 operas
723 4241 781 4366 adp
782 4301 930 4366 militiam
951 4311 1103 4366 avocaret
1120 4301 1284 4386 multaque

135 4386 205 4450 rela
225 4385 469 4471 typographica
490 4388 639 4450 insistere
662 4394 807 4470 cogeret,
830 4406 869 4449 ea
891 4383 1059 4449 calamitas
1089 4386 1187 4448 etiam
1214 4407 1283 4449 meo

110 4408 197 4535 libro
220 4469 328 4534 fraudi
348 4469 419 4542 fuit,
445 4470 479 4531 in
501 4492 563 4555 quo
585 4472 674 4555 typis
697 4465 913 4532 exscribendo
936 4466 1065 4532 demum
1087 4465 1171 4530 bello
1194 4468 1283 4532 linito

110 4563 144 4618 et
172 4555 316 4616 exercitu
344 4574 477 4616 reverso
509 4574 621 4615 rursus
652 4552 744 4638 pergi
767 4561 904 4637 poterat,
924 4551 971 4613 ita
992 4560 1027 4613 ut
1048 4551 1132 4612 inter
1160 4551 1283 4633 primas

110 4645 143 4702 et
171 4634 301 4700 ultimas
333 4637 400 4699 eius
430 4633 580 4722 plagulas
617 4632 659 4699 ab
688 4637 796 4720 operis
829 4632 1009 4718 descriptas
1041 4651 1099 4696 sex
1126 4654 1283 4695 annorum
