2872 5070
472 264 626 332 ounux
647 290 678 331 v.
691 253 873 338 ,iss-isa.

92 432 162 495 Iani
186 432 292 516 magis
314 439 410 519 atque
432 434 536 519 magis
560 455 678 533 corpus
700 431 879 497 revolubile
901 433 1035 498 volvens

93 513 224 579 Attollit
242 513 355 578 nitidis
377 523 491 601 pectus
513 515 702 602 fulgoribus,
725 516 817 580 effert

94 597 232 662 Sublimi
254 599 382 662 cervice
405 607 512 685 caput,
536 601 588 663 cui
611 600 712 664 crista
733 621 872 685 superne
961 624 966 632 ·

92 681 194 745 Edita
216 702 381 767 purpureo
403 681 514 747 lucens
534 683 714 748 maculatur
736 684 866 765 amictu,

93 765 238 849 Aspectu
262 786 302 828 ue
324 764 445 828 micant
465 765 669 831 flammarum
691 765 814 829 lumina
834 774 937 831 torv0.

93 787 323 910 Metaturbate
345 848 465 911 circum
486 847 567 929 loca,
592 870 665 912 cum
688 849 777 912 videt
798 849 913 932 ingens

93 928 279 993 Adversum
301 929 460 993 recubare
483 929 595 994 ducem
620 931 739 1016 gregis.
782 930 900 995 Acrior
921 932 1022 996 instat

93 1012 234 1075 Lumina
258 1011 441 1076 diffundens
462 1012 631 1078 intendere
652 1022 684 1077 et
706 1011 803 1077 obvia
825 1022 918 1078 torvo

94 1093 231 1159 Saevius
254 1096 415 1181 arripiens
436 1096 624 1181 infringere,
648 1095 735 1182 quod
758 1118 817 1160 sua
837 1098 1011 1184 quisquam

94 1176 146 1241 Ad
166 1177 253 1241 vada
274 1181 425 1242 venisset.
468 1179 612 1244 Naturae
635 1190 803 1266 comparat
825 1201 930 1244 arma:

92 1259 196 1323 Ardet
217 1270 332 1343 mente,
354 1261 433 1325 furit
454 1261 657 1344 stridoribus,
679 1263 805 1326 intonat
828 1285 894 1346 ore,
929 1323 934 1330 .

95 1330 252 1407 Flexibus
274 1346 396 1408 eversis
418 1352 586 1431 torquetur
609 1347 755 1431 corporis
778 1344 877 1427 orbis,

94 1424 230 1491 Manent
252 1428 449 1511 sanguineae
470 1450 530 1513 per
551 1437 673 1493 tractus
695 1427 837 1515 undique
859 1439 979 1513 guttae,

95 1509 235 1595 Spiritus
258 1512 399 1596 erumpit
419 1510 539 1576 fauces.
582 1511 655 1592 Quo
679 1521 796 1576 cuncta
816 1522 955 1597 parante
1004 1568 1010 1581 .

93 1592 254 1656 Paruulus
275 1593 360 1657 hunc
382 1594 473 1679 prior
496 1593 639 1658 humoris
662 1604 824 1659 conterret
843 1594 991 1660 alumnus

92 1674 135 1738 Et
157 1683 292 1739 inortem
313 1677 418 1740 vitare
438 1687 547 1740 monet
596 1700 632 1741 er
653 1680 812 1742 acumina.
856 1679 1005 1764 Namque

94 1756 167 1837 Qua
189 1757 323 1822 diducta
344 1780 446 1845 genas
468 1700 657 1846 pandebant
676 1759 800 1825 lumina
820 1764 956 1848 gemmis
1218 1782 1265 1832 185

92 2043 175 2123 aiau,
185 2043 275 2124 sicas)
281 2046 312 2124 et
322 2043 438 2098 virorum
449 2044 586 2099 doctorum
599 2046 764 2126 coniecturas
773 2063 880 2126 uersum
889 2045 1056 2101 exhibuimus
1066 2047 1101 2101 ab
1108 2046 1229 2130 Hauptip
1237 2048 1265 2102 iii

92 2111 156 2164 edit.
161 2111 209 2165 alt.
218 2111 333 2166 feliciter
342 2111 523 2175 emendatum,
536 2130 596 2168 cuni
608 2116 736 2195 antiquae
749 2114 827 2169 editt.
833 2114 1013 2184 polleboatet
1021 2115 1180 2169 aebenicratia
1191 2134 1266 2171 auus

93 2179 248 2247 praebeant.
282 2178 408 2234 Ribbeck.
427 2182 455 2234 et
472 2197 534 2235 oum
551 2197 581 2236 eo
599 2181 718 2236 Benoist.
743 2198 850 2237 vorsum
872 2181 910 2237 sic
929 2182 1085 2238 ediderunt:
1116 2183 1267 2238 Mollabaat

94 2263 182 2299 aurae
200 2247 329 2300 amiantus
343 2248 463 2326 flamina
491 2249 573 2303 aima.
590 2278 624 2287 -
643 2248 702 2309 171.
720 2249 803 2304 Codd.
826 2250 966 2304 lectionem
996 2257 1100 2320 caput
1116 2250 1266 2306 Bembuse

94 2328 141 2366 suo
164 2311 227 2369 (lod.
247 2317 365 2368 mutavit
384 2315 513 2386 inrupit,
534 2332 551 2369 a
568 2317 762 2383 posterioribus
780 2334 865 2386 usque
884 2318 919 2372 ad
932 2317 1082 2387 Hauptium
1100 2318 1128 2370 et
1140 2316 1266 2373 Ribbeck

92 2382 238 2435 servatum.
273 2381 318 2435 Illi
336 2398 397 2436 vero
415 2382 551 2436 duumviri
568 2384 640 2438 recte
657 2382 692 2437 ad
712 2385 825 2438 alteram
841 2384 984 2438 lectionem
1007 2384 1144 2438 redierunt
1163 2388 1190 2438 et
1208 2402 1268 2454 pro·

91 2450 185 2527 pterea
206 2456 232 2502 ct
257 2465 286 2502 se
315 2464 374 2502 cuni
397 2449 572 2505 Frisemanno
589 2450 617 2503 in
641 2452 720 2520 effert
740 2453 889 2505 mutarunt.
916 2481 949 2490 -
980 2449 1041 2509 172.
1061 2453 1267 2516 maculatur,

91 2531 110 2568 1.
128 2531 153 2584 q.
173 2518 215 2570 est
239 2515 385 2583 maculata,
405 2517 422 2570 i.
440 2533 462 2571 c.
492 2517 572 2571 variis
603 2517 736 2571 coloribus
760 2516 904 2580 distincta,
933 2518 1072 2585 praetexto
1090 2517 1168 2586 quasi
1185 2519 1268 2574 limbo

91 2599 232 2651 purpureo,
263 2581 333 2637 unde
363 2583 422 2653 ipsa
449 2582 567 2638 lucebat.
598 2615 623 2623 -
656 2582 718 2645 173.
737 2584 953 2652 flammarum
978 2585 1105 2639 lumina
1127 2602 1175 2655 pro
1194 2587 1265 2656 vulg.

89 2650 267 2730 flammarum
284 2649 371 2719 Sillig.
390 2666 422 2704 ex
440 2651 563 2730 omuibus
584 2651 667 2730 Codd.
685 2651 815 2707 restituit.
849 2652 969 2706 Dumiua
988 2655 1078 2707 autem
1093 2653 1269 2721 flammarum

91 2734 146 2838 ¹³3⁰.
158 2717 303 2839 labb
323 2717 637 2841 iltultnttrdd·
649 2718 1269 2870 abluti·ftiulltittltgtzirtt

94 2801 218 2907 bocdcrl.
243 2852 308 2922 Syn.
327 2853 363 2909 11.
378 2870 404 2922 p.
424 2856 480 2909 ios.
505 2853 594 2933 Vulgo
612 2871 643 2908 ex
660 2853 743 2909 (lodd.
761 2854 850 2909 editur
867 2855 1007 2936 Marsaci
1037 2872 1098 2910 cnm
1116 2859 1208 2911 tamen
1224 2857 1268 2911 hic

92 2936 161 2973 nmis
179 2919 216 2973 sit
231 2919 314 2984 locus,
332 2921 380 2974 ubi
389 2922 500 2977 verbum
510 2924 628 2976 activum
640 2929 741 2977 metare
751 2923 866 2992 legatur,
880 2939 932 2976 iam
945 2922 1032 2993 Sillig.
1043 2923 1151 2978 coniicit
1160 2924 1269 2978 Matuta

92 2995 139 3051 ait,
159 2987 259 3057 Haupt.
269 3004 340 3050 vero,
354 3004 433 3058 quein
445 2988 582 3059 sequimur
604 2989 700 3044 melius
711 2991 842 3046 Matutae.
870 2990 988 3044 Benoist.
1001 2990 1114 3044 retinuit
1127 2990 1268 3059 Metabum

93 3055 218 3109 Ribbeck.
230 3055 556 3137 coniuratas-iia.
565 3031 652 3127 iiiii.
666 3059 738 3113 reete
748 3057 887 3138 compngit
900 3057 1004 3136 isaim
1016 3058 1172 3126 arianam
1182 3057 1268 3126 siliig.

93 3124 184 3177 autem
195 3123 334 3177 intendere
346 3140 394 3194 pro
406 3123 523 3193 simplici
534 3124 650 3190 tendere,
664 3125 683 3179 i.
694 3141 718 3178 e.
747 3125 868 3191 rubuisti,
883 3125 1001 3192 positum
1006 3127 1111 3204 censet,
1126 3124 1198 3245 opud
1209 3141 1268 3195 pro·

92 3190 157 3244 bare
174 3206 229 3243 non
246 3206 365 3261 possum.
401 3190 474 3271 Quae
486 3208 515 3246 se
534 3194 636 3271 uantur
645 3192 725 3262 paulo
757 3192 871 3273 orridius
889 3192 971 3257 dicta,
990 3208 1029 3245 sic
1042 3208 1135 3260 capion
1156 3208 1172 3246 a
1190 3194 1268 3272 sunt:

94 3259 538 3395 suarattaratae.
552 3262 699 3407 dalllll':
719 3258 1269 3406 ‘utttttfftlfrublfti.'tut

92 3395 152 3446 280.
171 3392 237 3448 Aen.
255 3393 278 3461 Ι,
297 3395 356 3448 527.
375 3395 437 3462 etc.)
464 3396 543 3463 qaod
558 3398 607 3450 etc.
668 3394 761 3449 bbeck.
782 3411 813 3448 ex
831 3411 896 3449 coni.
910 3392 998 3448 edidit
1019 3400 1174 3463 aureamque
1192 3398 1219 3448 ct
1237 3410 1269 3449 ex

93 3458 197 3540 duobus
231 3434 500 3541 ubmuinfrendere.
532 3492 564 3502 -
599 3461 662 3522 l'l'l·
694 3461 837 3541 Saevitia
862 3477 910 3531 pro
941 3459 1014 3540 vulg
1044 3462 1155 3541 saepius
1181 3461 1268 3531 Sillig.

93 3527 178 3581 edidit
197 3545 228 3582 ei
244 3527 336 3582 Botbu
353 3529 514 3595 coniectura,
533 3546 614 3599 quani
631 3529 714 3584 etiam
733 3532 894 3599 posteriores
913 3527 991 3582 editt
1010 3528 1126 3596 amplexi
1144 3533 1216 3584 sunt.
1234 3560 1267 3571 -

94 3594 157 3655 180.
174 3595 262 3664 Sillig.
279 3595 354 3666 vulg.
365 3598 495 3652 eversis
506 3614 537 3652 ex
549 3597 665 3652 Helmst.
677 3597 795 3652 mutavit
811 3596 839 3651 in
851 3603 877 3649 et
887 3596 990 3664 aarum
1008 3612 1069 3650 cuni
1080 3598 1172 3651 tamen
1184 3596 1267 3652 etiam

94 3662 190 3717 ceteris
210 3664 359 3718 sententiae
388 3665 516 3720 membris
536 3664 638 3735 Copula
656 3681 711 3720 non
737 3664 879 3720 adiicietur
921 3667 1044 3734 praestat
1069 3679 1130 3718 cum
1147 3665 1267 3734 Hauptio

93 3729 235 3797 vulgatam
254 3731 378 3787 retinere.
414 3731 456 3786 (li.
474 3749 582 3788 everam
599 3733 717 3788 carabes
734 3748 776 3801 ap.
789 3733 847 3786 Ter.
865 3705 964 3811 lleaut
977 3731 1015 3797 11,
1027 3734 1052 3796 3,
1067 3734 1125 3811 331.
1141 3731 1268 3787 Ribbeck.

94 3802 185 3865 (quem
204 3796 323 3854 Benoist.
341 3816 370 3854 se
389 3800 473 3864 uitur)
492 3800 560 3855 coni.
579 3817 611 3854 ea
629 3801 722 3855 aarum
753 3829 786 3839 -
816 3797 987 3868 182811113.
1020 3800 1052 3852 ut
1067 3815 1123 3854 iam
1139 3799 1267 3867 Bembus)

94 3880 125 3918 ex
146 3863 201 3916 suis
219 3862 302 3918 Codd.
321 3816 406 3921 edidit
424 3866 575 3937 spiralibus
593 3866 622 3936 (i.
641 3883 663 3922 e.
683 3866 816 3947 anhelitu)
834 3866 945 3937 rumpit,
971 3881 1005 3947 ,co
1029 3904 1036 3919 .
1055 3865 1120 3922 Geo.
1137 3867 1189 3928 ΠΙ,
1208 3869 1267 3920 328.

93 3935 122 3986 et
139 3930 228 4009 Cppae
246 3936 332 4011 v.·2'1.
367 3933 453 4003 Hcyn.
472 3934 590 3989 samarit
608 3934 682 4004 vulg.
695 3935 819 4004 δριηειω
840 3943 866 3988 at
882 3941 993 4004 nimpit.
1028 3933 1127 3989 Omnes
1145 3949 1207 3989 vero
1226 3949 1267 3987 re-

95 4001 228 4054 centiores
247 3998 363 4054 editores
381 4001 538 4070 praeierunt
554 4001 660 4056 Heinsii
678 4001 801 4072 Spiritus
824 4003 942 4072 erumpat
962 4001 1069 4069 fascea,
1102 4017 1163 4055 cum
1180 4018 1268 4054 amm-

88 4084 158 4138 pera
177 4065 259 4120 etiam
288 4082 348 4121 cuni
366 4067 461 4122 Aecus.
493 4070 674 4124 construatur.
709 4068 763 4137 (Cf.
779 4069 845 4123 Aen.
862 4069 884 4135 I,
903 4072 960 4123 580.
979 4068 1017 4122 ibi
1036 4085 1069 4122 ue
1099 4068 1217 4146 adnott.)
1234 4098 1267 4106 -

95 4135 164 4197 Quo
180 4141 329 4204 parante
344 4135 399 4189 iam
417 4135 492 4205 prius
508 4153 569 4191 cum
582 4135 651 4191 Sca'
673 4181 680 4194 .
703 4139 732 4192 et
749 4136 852 4206 Heynio
875 4086 1080 4207 praeferendum
1103 4151 1195 4189 censui
1212 4135 1268 4188 Da·

96 4204 153 4257 tivo
170 4200 303 4256 commodi
320 4204 367 4257 cui
402 4203 505 4268 orcisti,
527 4221 606 4274 quem
617 4203 644 4258 S'
670 4204 677 4217 '
700 4249 705 4260 .
725 4203 825 4274 recepit
843 4203 877 4258 ad
889 4203 1011 4272 exempla
1028 4201 1221 4283 allarlilsiido·
1232 4200 1268 4255 ad

94 4271 164 4326 stat.
183 4269 247 4324 Silv.
265 4269 313 4349 Ν,
336 4274 360 4326 5.
379 4222 446 4352 lp.
467 4272 524 4326 ³25.
555 4271 597 4328 ed.
614 4221 720 4352 ῥηθῇ.Ι
728 4272 840 4327 collecta
851 4287 1017 4392 provocans3
1044 4269 1168 4350 idemque
1185 4270 1268 4324 etiam

94 4354 186 4392 omnes
202 4338 364 4408 posteriores
382 4338 497 4394 editores
516 4339 678 4409 praetulisse
695 4338 780 4394 video.
801 4371 833 4379 —
877 4379 884 4393 .
901 4337 965 4400 183.
985 4354 1045 4392 cuin
1063 4336 1159 4390 iisdem
1176 4352 1268 4391 racen-

94 4405 208 4460 tioribus
228 4403 305 4461 editt.
324 4406 392 4461 redii
409 4405 444 4461 ad
461 4407 534 4476 vulg.
551 4407 706 4476 lectionem,
733 4423 815 4477 quain
831 4406 919 4476 Sillig.
939 4422 970 4460 ex
999 4421 1051 4458 uno
1069 4404 1135 4458 Cod.
1153 4403 1268 4484 Helmst.

94 4475 248 4528 mutaverat
267 4471 294 4525 in
311 4474 382 4529 banc
394 4475 518 4545 propior
534 4476 656 4530 tumoris
673 4482 766 4539 terret,
799 4477 831 4528 ut
846 4473 938 4556 brevis
955 4471 1060 4541 syllaba
1087 4489 1121 4525 or
1137 4487 1206 4526 arsis
1241 4487 1269 4525 si

94 4537 1269 4690 siluestri-iaitriumuir..riufiruiaiuiissi

95 4675 190 4732 aculei.
208 4705 242 4716 κ-
261 4624 323 4738 135.
341 4677 423 4733 Culex
448 4679 585 4749 pastorem
603 4679 703 4750 pungit
731 4676 758 4731 in
789 4676 876 4732 medio
904 4675 979 4731 oculo
986 4698 994 4741 ;
1023 4675 1095 4745 quod
1125 4677 1205 4747 poeta
1230 4689 1269 4729 sic

158 4768 273 4810 vasam.
294 4770 367 4812 risa
385 4772 432 4812 rii.
453 4772 499 4813 iin.
519 4772 561 4812 rs.
1027 4757 1056 4807 41
