2872 5070
149 227 212 275 xrv
360 203 632 273 PROOEMIUM
651 201 885 271 EDITIONIS
906 202 1112 270 TERTIAE.

146 374 269 439 factum
296 372 441 451 videtur,
473 394 515 436 ex
539 371 687 448 licando,
721 379 754 436 et
780 392 820 436 ea
850 368 921 436 sola
948 368 990 434 de
1019 391 1118 434 causa
1140 367 1321 434 Saxoniam

147 465 295 523 nostram
315 457 441 543 petivit,
461 464 499 520 ut
515 394 598 521 luit
618 454 822 541 Wagnerum
843 461 876 519 et
895 461 1016 517 memet
1035 453 1143 539 ipsum
1162 453 1322 518 inviseret

149 562 288 626 suasque
314 539 485 625 opiniones
510 537 680 604 nobiscum
702 537 965 618 communicaret,
997 558 1069 601 cum
1092 557 1133 600 ex
1155 557 1206 600 me
1230 535 1321 601 audi·

147 624 258 698 visset,
280 624 346 687 iam
367 624 497 687 tertiam
519 643 653 721 operum
668 621 928 707 Virgilianorum
951 619 1124 684 editionem
1148 618 1228 683 mihi
1249 640 1322 684 esse

148 705 337 785 curandam,
360 727 412 770 me
433 713 573 790 rogavit,
595 713 632 770 ut
644 707 773 791 potiora
794 712 882 769 certe
895 724 1016 784 eorum,
1032 724 1116 801 quae
1130 703 1202 788 ipse
1217 701 1258 767 de
1272 701 1322 766 VI

148 788 313 876 prioribus
334 788 499 853 Aeneidos
520 787 613 853 libris
636 810 709 852 cum
736 788 771 852 in
793 784 1013 872 singularibus
1034 784 1154 850 libellis
1178 784 1321 870 Anglieo

148 894 295 937 sermone
317 873 512 958 conscriptis
522 872 547 948 ⁸)
570 873 636 936 iam
657 881 756 936 antea
776 871 980 956 exposuerit,
1003 879 1072 933 tum
1100 890 1187 933 nunc
1209 890 1321 934 coram

148 977 274 1020 mecum
289 954 516 1041 disputaverit,
537 953 648 1019 velex
666 950 990 1019 commentationibus
1012 951 1076 1016 illis
1091 952 1126 1016 in
1147 951 1324 1017 editionem

148 1060 254 1103 meam
282 1049 415 1124 recepta
441 1036 494 1102 vel
525 1059 567 1103 ex
596 1036 766 1124 colloquiis
794 1036 915 1100 nostris
937 1036 1079 1135 primum
1101 1034 1270 1122 publicata
1288 1036 1324 1100 in

148 1122 292 1186 virorum
316 1121 486 1185 doctorum
506 1121 656 1185 notitiam
677 1120 876 1207 perferrem3
898 1140 951 1184 cur
973 1118 1104 1206 quidem
1119 1120 1183 1184 viri
1204 1118 1325 1184 doctis·

149 1205 224 1268 simi
243 1202 402 1270 voluntati
422 1225 460 1269 eo
482 1205 588 1269 minus
608 1202 722 1268 deesse
744 1202 840 1280 volui,
863 1223 948 1285 cum,
993 1224 1056 1268 uae
1078 1204 1326 1288 excogitaverit,

150 1288 212 1352 etsi
238 1288 319 1351 viria
339 1287 445 1352 doctis
473 1309 538 1351 non
566 1287 675 1351 omnia
696 1284 938 1373 probabuntur,
961 1223 1119 1384 pleraque
1147 1294 1257 1350 tamen
1278 1287 1325 1350 ita

149 1371 214 1434 sint
237 1370 425 1454 ingeniosa,
455 1379 492 1434 ut
519 1380 607 1434 certe
634 1369 677 1433 ad
706 1369 804 1434 altius
826 1369 1091 1454 perspiciendum
1119 1378 1151 1434 et
1172 1368 1324 1434 subtilius

149 1453 358 1539 cogitandum
379 1475 476 1540 quam
499 1453 640 1517 maxime
662 1451 804 1517 debeant
826 1453 980 1517 excitare.

232 1535 289 1601 Sic
309 1537 410 1621 igitur
430 1535 516 1601 hanc
538 1557 665 1622 quoque
688 1535 816 1620 Virgilii
839 1535 1029 1617 editionem,
1058 1536 1092 1599 in
1123 1556 1189 1622 qua
1211 1536 1323 1600 etiam·

149 1641 227 1684 num
249 1618 351 1684 multa
368 1619 550 1683 desiderari
564 1628 597 1682 et
610 1618 803 1705 reprehendi
825 1639 923 1703 posse
945 1618 1065 1682 infitias
1085 1619 1134 1682 ire
1153 1617 1322 1701 noluerim,

150 1704 262 1766 emitto
284 1702 372 1766 bona
396 1723 471 1767 cum
501 1722 558 1787 spe
580 1701 650 1766 fore
671 1710 709 1767 ut
729 1700 900 1766 iuvenibus
922 1702 1128 1787 potissimum
1150 1701 1193 1766 ad
1214 1700 1323 1766 litera·

150 1806 223 1848 rum
252 1784 360 1848 studia
387 1782 650 1849 incumbentibus
684 1793 830 1870 optatam
859 1783 1031 1848 utilitatem
1061 1784 1178 1849 afferre
1208 1794 1326 1871 pergat

149 1875 246 1954 atque
269 1869 368 1932 etiam
389 1868 471 1931 viria
493 1867 600 1932 doctis
621 1890 686 1932 non
708 1890 842 1954 prorsus
863 1866 1074 2015 improbetur.

234 1949 304 2015 Sor.
324 1950 459 2037 Lipsiae
481 1973 521 2014 m.
544 1949 680 2016 Octobri
701 1973 729 2015 a.
752 1949 910 2016 MDCCC
941 1950 967 2014 Ι.

151 2104 360 2113 ——————..—

184 2200 211 2265 s)
230 2199 288 2253 Tho
304 2198 403 2264 Eucti,
425 2198 523 2252 Boole
543 2198 566 2253 l.
589 2200 649 2252 aud
664 2199 705 2251 IL
726 2200 866 2253 rendered
885 2199 943 2253 into
968 2197 1085 2266 myrei·
1112 2197 1196 2252 blank
1217 2197 1324 2262 imaue,

149 2266 215 2319 citu
242 2284 301 2321 new
327 2268 561 2336 interpretatione.
596 2267 643 2334 By
667 2267 757 2319 lumea
778 2267 841 2319 Hea
875 2307 886 2351 ,
914 2266 955 2319 Μ.
978 2269 1013 2318 D.
1031 2267 1122 2319 Load„
1152 2269 1225 2320 1845,
1249 2269 1273 2320 8.
1296 2267 1325 2318 et

152 2332 362 2388 Commentarios
385 2351 434 2395 on,
457 2336 516 2387 ond
535 2334 721 2387 illustratione
744 2334 781 2402 of
797 2333 840 2387 tte
886 2334 942 2386 vsu
970 2336 1008 2399 of
1031 2333 1128 2401 Viryit.
1164 2334 1192 2386 B
1236 2333 1328 2386 Iamea

150 2400 248 2471 Haury
269 2405 320 2456 etc.
343 2403 384 2454 iu:
408 2400 548 2456 Charical
563 2400 691 2455 Murcum
713 2400 789 2457 Part.
811 2400 883 2455 XIX.
902 2400 960 2457 XX.
978 2401 1051 2455 XXI.
1075 2403 1103 2455 ct
1127 2353 1223 2456 xxti!
1247 2405 1327 2469 (quae

151 2469 241 2524 omnia
258 2471 368 2524 tantum
385 2468 420 2523 ad
437 2469 490 2523 dno
507 2468 609 2538 primos
628 2468 712 2524 libros
730 2469 884 2537 pertinent).
