2872 5070
476 239 629 307 CULEX
650 264 680 305 v.
707 245 875 309 142-153.
1193 244 1254 307 639

81 402 251 484 Bracchia,
274 407 433 469 fraternos
456 406 590 491 plangat
610 429 651 470 nc
671 407 810 494 populus
831 411 924 490 ictus,

81 486 243 570 ipsaeque
264 486 426 551 excedunt
447 488 489 553 ad
512 512 636 553 summa
660 493 829 556 cacumina
850 491 957 556 lentae

81 571 286 656 Pinguntque
312 570 459 636 aureolos
482 571 581 636 viridi
604 573 729 659 pallore
751 574 934 660 corymbos,

84 654 166 730 Quis
190 651 305 715 aderat
326 655 445 718 veteris
466 664 592 741 myrtus
613 679 677 721 non
697 659 807 722 nescia
828 658 895 722 fati.

83 736 147 798 His
171 735 303 799 suberat
321 736 438 819 gelidis
460 760 595 802 manans
618 761 635 803 e
656 739 800 805 fontibus
821 741 919 823 unda,

84 817 177 896 Quae
198 816 324 882 levibus
347 819 510 902 placidum
532 821 613 884 rivis
635 832 728 887 sonat
749 833 822 885 acta
843 823 1013 909 liquorum.

82 899 127 963 At
146 898 294 964 volucres
315 900 434 986 patulis
457 903 637 967 residentes
658 903 766 968 dulcia
787 907 888 968 ramis

85 982 240 1048 Carmina
262 1006 321 1067 por
340 985 450 1049 varios
473 984 572 1049 edunt
589 988 775 1051 resonantia
797 998 920 1069 cantus,

85 1065 128 1128 Et
150 1088 279 1152 quaqua
300 1069 447 1150 geminas
470 1069 578 1133 avium
600 1090 667 1133 vox
689 1068 849 1156 obstrepit
870 1094 975 1154 aures,

83 1147 156 1210 Hac
180 1149 330 1233 querulas
353 1152 496 1216 referunt
517 1173 613 1216 voces
637 1152 709 1239 quis
730 1155 843 1217 nantia
862 1153 937 1218 limo

85 1229 235 1316 Corpora
258 1231 391 1319 lympha
411 1234 508 1316 fovet,
533 1237 656 1300 sonitus
678 1235 736 1300 alit
758 1237 844 1300 aeris
865 1236 966 1319 Echo,

83 1315 219 1397 Argutis
242 1324 272 1378 et
294 1326 409 1381 cuncta
430 1318 571 1382 fremunt
592 1317 727 1383 arbusta
747 1319 878 1385 cicadis.

83 1609 198 1662 amarent,
218 1601 289 1669 qnod
306 1600 407 1655 iustum
427 1618 534 1656 sensnm
553 1619 605 1656 non
641 1604 741 1660 raebet.
775 1605 834 1657 Iam
853 1603 896 1658 hic
915 1607 957 1657 est
976 1620 1087 1658 sensns:
1119 1603 1210 1670 rogus
1228 1605 1255 1656 ct

84 1667 197 1746 hederae
210 1669 357 1747 ,adstantes
374 1671 456 1723 ramis
474 1671 530 1723 suis
547 1621 706 1739 populbrum
726 1671 841 1725 brachiis
861 1671 1006 1741 implicitae
1024 1672 1086 1725 illas
1105 1671 1205 1732 licant,
1228 1673 1255 1724 et

83 1738 124 1814 ita
141 1752 217 1814 acrasi
244 1744 363 1798 rnoasrrt,
391 1736 549 1806 prohibent,
576 1755 610 1792 ne
628 1739 719 1807 populi
749 1739 840 1792 fratris
866 1743 979 1792 mortem
1010 1755 1114 1817 semper
1125 1714 1254 1806 lugentes

84 1818 195 1856 mmmm
213 1802 322 1857 doleant
339 1806 367 1858 et
402 1804 517 1874 langant
546 1805 664 1871 (assidue
687 1809 863 1865 moveantur).
899 1806 939 1863 Cf.
960 1806 1042 1860 ctiam
1066 1806 1137 1859 infra
1153 1821 1177 1858 v.
1199 1807 1255 1858 182.

83 1900 116 1908 —
143 1872 253 1939 sapas.
289 1871 331 1924 Cf.
362 1822 566 1935 Charis.1,l'l.
590 1890 615 1941 p.
639 1877 692 1927 104.
723 1876 751 1927 et
781 1873 903 1927 Schneid.
933 1874 981 1929 Gr.
1016 1873 1076 1927 Lat.
1107 1874 1142 1937 Π,
1176 1877 1197 1926 1.
1228 1887 1253 1939 p.

83 1941 130 1990 l'll
153 1957 191 2009 sq.
228 1938 354 2007 Wagrreri
383 1939 512 2008 opinioni.
540 1940 586 2009 qui
603 1940 665 1994 Gau.
683 1940 720 2002 ΙΙ,
737 1946 777 1994 71.
813 1941 897 2010 sapas
915 1958 962 2010 pro
979 1942 1041 1995 Ace.
1060 1940 1134 1995 Plur.
1165 1940 1253 1997 habet.

83 2004 217 2060 adversat-i
229 2023 329 2063 sumus.
349 2006 420 2059 Alibi
433 2008 503 2061 enim
513 2023 557 2076 ap.
570 2007 622 2060 Ver
643 2007 775 2073 legimus
785 2010 846 2063 Ace.
858 2014 943 2077 sapae
952 2008 1009 2062 Ecl.
1023 2007 1147 2071 11,a.111,
1158 2011 1197 2061 12.
1207 2007 1254 2074 IX,

85 2078 108 2125 9.
119 2077 147 2129 et
156 2075 222 2129 Gen.
232 2075 297 2143 sapi
307 2073 362 2128 Ecl.
372 2075 393 2141 I,
408 2080 426 2129 1.
437 2075 469 2140 V,
483 2079 522 2128 13.
536 2105 569 2114 -
582 2025 642 2135 lli.
653 2077 751 2137 ictae,
762 2076 874 2130 vulnera
884 2080 911 2130 et
920 2073 1148 2135 mortem-143.
1162 2092 1255 2129 eaca-

84 2143 149 2194 dua
156 2149 172 2196 t.
192 2142 276 2209 Heyu.
288 2141 365 2195 malit
376 2145 538 2210 cessatura·
548 2142 594 2196 sed
605 2146 742 2196 structura
752 2143 836 2197 rarior
846 2146 972 2197 eacedm
983 2145 1022 2197 ad
1032 2143 1186 2197 vindicatur
1197 2143 1255 2196 loco

84 2207 179 2262 Vellcii
189 2209 211 2272 Ι,
219 2215 241 2262 2.
262 2209 396 2262 Herculea
407 2214 447 2263 acl
456 2211 524 2263 deoc
534 2217 689 2263 arcesserat.
708 2210 835 2265 Ribbeck.
847 2227 878 2266 ex
885 2211 983 2280 Heynii
996 2211 1062 2266 coni.
1070 2210 1155 2264 edidit
1166 2227 1255 2262 acea-

84 2278 158 2329 ‹loat
169 2309 202 2315 —-
214 2275 277 2335 144.
293 2277 438 2345 pinquat
451 2277 557 2329 vir-idi
569 2277 721 2346 pallore,
734 2281 765 2331 nt
775 2278 846 2348 apud
856 2278 933 2334 Luor.
946 2278 993 2341 IV,
1008 2283 1066 2332 ³37.
1079 2279 1155 2337 Quae
1159 2277 1255 2347 pallo-

83 2345 160 2397 ritca
173 2345 396 2423 amaiapr'uqant.
409 2343 604 2411 Intelligendus
616 2346 708 2398 autem
722 2362 768 2411 per
776 2347 891 2400 viridem
900 2346 1038 2416 pallorem
1048 2345 1173 2398 loliorum
1183 2344 1255 2397 color

84 2411 211 2466 albicans.
247 2412 347 2466 Similis
365 2411 448 2479 igitur
468 2415 511 2464 est
527 2410 603 2463 locus
621 2410 678 2465 Ecl.
697 2412 748 2475 ΙΙΙ,
767 2416 807 2466 39.
842 2413 1044 2481 aiaaDsffiaos
1060 2412 1162 2464 hedera
1178 2411 1257 2464 rectit

104 2479 204 2532 callerae
221 2480 363 2546 corymbos
390 2509 421 2517 —
441 2479 589 2547 carpathi
621 2478 639 2531 i.
659 2494 681 2531 e.
704 2480 803 2530 racemi
825 2478 939 2532 hederae
958 2496 1018 2532 cnm
1036 2478 1119 2531 acinis
1137 2477 1201 2543 (vicl.
1220 2476 1255 2531 ad

83 2497 138 2600 hcl.
157 2546 177 2598 l.
196 2546 233 2612 1.),
252 2548 317 2598 sunt
333 2545 481 2611 aureoli,
513 2546 530 2598 i.
550 2561 572 2598 c.
591 2518 693 2599 habent
718 2544 824 2598 fructus
853 2546 937 2599 crocci
965 2546 1069 2599 coloris.
1089 2576 1122 2584 -
1141 2544 1203 2605 145.
1222 2545 1254 2598 ln

84 2617 202 2682 myrtum
220 2615 327 2666 mutata
344 2612 444 2665 femina
460 2611 588 2730 Myrsine
623 2612 707 2679 Heyn.
735 2610 848 2665 conferri
875 2612 951 2665 iubet
970 2614 1042 2667 Serv.
1069 2612 1102 2666 ad
1120 2614 1184 2666 Aen.
1202 2611 1253 2675 111,

83 2685 122 2736 23.
142 2686 169 2735 et
190 2681 306 2748 Geopon.
325 2679 373 2741 XI,
392 2682 415 2732 6.
434 2708 467 2716 -
511 2720 517 2731 .
538 2678 601 2738 148.
619 2681 647 2733 et
664 2677 736 2745 149,
766 2679 813 2748 qui
829 2679 911 2747 vulgo
933 2683 1131 2734 steriliscet
1150 2684 1204 2734 147.
1227 2681 1255 2732 et

82 2748 232 2817 postillam
251 2749 319 2806 Quis
332 2749 431 2800 celerat
440 2775 451 2785 -
460 2775 472 2786 ·
482 2776 492 2786 -
502 2747 559 2814 fati
575 2747 750 2825 ponebantur,
765 2763 825 2800 cum
837 2746 957 2815 Hauptio
971 2748 1204 2817 transposuimns3
1216 2747 1255 2800 sic

83 2817 154 2870 enim
167 2815 256 2868 omnia
267 2813 364 2866 melius
377 2812 526 2875 cohaerere,
542 2830 654 2892 quisquc
671 2813 750 2869 videt.
784 2813 873 2868 Ceteri
887 2815 1047 2869 recentiores
1061 2814 1178 2870 editores
1196 2813 1255 2868 vul-

81 2900 173 2951 garem
183 2882 302 2935 ordinem
316 2881 492 2934 retinuerunt.
511 2882 696 2935 Homs.totum
708 2882 1121 2952 locnmlr.148—156.)singulis
1133 2882 1255 2937 versibus

83 2949 255 3019 transpositis
268 2948 437 3017 multumque
450 2949 564 3002 mutatis
577 2950 640 3017 post
653 2965 677 3001 v.
694 2953 748 3003 100.
762 2948 994 3011 retraxit—149.
1013 2950 1098 3019 Hcyn.
1115 2948 1256 3027 coniungit

83 3019 208 3072 carrarias
223 3035 275 3085 per
292 3017 387 3069 carior
404 3024 507 3080 cantra,
528 3020 559 3069 ut
577 3014 642 3070 alibi
664 3034 718 3086 per
737 3018 831 3071 varios
846 3034 944 3085 saraam
974 3017 1020 3071 sed
1051 3018 1150 3072 rectius
1168 3014 1253 3093 Sillrg.

84 3086 189 3139 ridetur
206 3085 316 3152 iungere
332 3085 491 3137 resonantia
504 3101 558 3153 per
583 3083 678 3137 varios
705 3092 814 3147 rantra,
843 3085 861 3139 i.
880 3100 901 3138 e.
932 3085 1059 3147 carmina,
1088 3100 1157 3154 quac
1182 3098 1255 3136 varro

85 3156 177 3215 cantu,
209 3155 289 3219 prout
306 3151 395 3205 variae
423 3167 485 3205 ares
504 3152 647 3214 canebant,
674 3151 848 3215 resonabant;
878 3153 909 3203 ut
938 3152 1058 3204 carmina
1079 3150 1172 3206 eadem
1190 3150 1254 3211 sint,

84 3224 177 3273 cantus
197 3222 288 3274 autem
307 3218 414 3273 diversi.
433 3217 704 3279 —146.eaberat
731 3218 784 3271 iam
808 3218 926 3272 Bombos
954 3218 1074 3272 restituit
1104 3234 1152 3287 pro
1170 3216 1254 3270 Codd.

82 3287 194 3341 lectione
210 3294 330 3357 ruperat.
365 3286 405 3339 De
422 3286 465 3339 Im
485 3287 584 3340 erfecto
602 3285 630 3338 in
649 3285 742 3339 eadem
760 3285 896 3340 sententia
914 3301 974 3339 cum
993 3285 1137 3341 Praesente
1155 3284 1255 3353 (eoaat)

83 3356 222 3408 coniuncto
240 3355 292 3409 vid.
313 3353 419 3407 adnott.
439 3369 454 3407 a
491 3353 556 3407 Aen.
574 3353 622 3418 IV,
644 3357 700 3406 1⁵0.
718 3354 745 3406 et
763 3353 831 3406 Ciris
849 3369 873 3406 v.
887 3351 1150 3412 358-360.-14Ι.
1167 3352 1256 3405 uada

80 3421 252 3491 placidam
270 3428 383 3485 sorsat,
402 3422 435 3473 ut
452 3419 516 3475 Geo.
534 3421 581 3482 IV,
600 3423 657 3474 370.
677 3419 734 3486 (ubi
756 3420 808 3475 vid.
839 3420 958 3485 adnott.)
990 3437 1117 3474 euroeam
1144 3437 1255 3473 sonares.

83 3489 123 3543 of.
142 3490 223 3543 etiam
254 3489 359 3543 adnott.
387 3487 421 3542 ad
441 3487 498 3542 Ecl
515 3488 548 3554 V,
566 3491 607 3541 64.
626 3490 654 3542 et
672 3490 736 3541 Aen.
755 3487 783 3550 1,
802 3490 875 3552 328.;
903 3488 1004 3541 codam
1033 3490 1124 3543 autem
1153 3487 1257 3541 uacus

80 3558 151 3609 risis
168 3557 347 3610 consociatam
378 3559 451 3610 recte
479 3555 566 3609 tnitns
596 3558 637 3610 est
655 3553 773 3608 Huschk.
806 3554 841 3608 ad
868 3553 967 3608 Tibull.
986 3554 1016 3609 Τ.
1035 3555 1073 3609 Π.
1100 3572 1126 3624 p.
1145 3558 1202 3610 687.
1223 3583 1255 3593 -

81 3632 158 3676 acta
175 3641 223 3690 pro
241 3623 287 3676 vul
307 3663 314 3676 .
333 3630 403 3688 aaa,
421 3623 492 3693 qnod
511 3622 656 3676 admodum
677 3621 805 3691 unguet,
823 3621 909 3691 Sillig.
927 3626 999 3676 recte
1017 3623 1139 3676 restituit
1157 3637 1171 3676 e
1190 3621 1254 3675 cod.

83 3692 158 3743 Voss.
180 3691 220 3743 cf.
232 3641 308 3745 ovid.
320 3690 394 3744 Fast.
404 3691 427 3758 Ι,
435 3694 494 3744 404.
505 3691 609 3744 riman
627 3692 688 3743 ebat
703 3707 799 3768 aquae.
813 3688 905 3743 -Pro
919 3690 1054 3769 liquorem
1067 3706 1127 3744 cnm
1136 3690 1179 3743 Ha
1216 3689 1255 3743 tio

82 3762 110 3811 et
137 3758 310 3811 osterioribus
322 3757 393 3812 edidi
403 3758 549 3827 liquorum
568 3707 648 3811 Boin.
661 3757 718 3810 sine
730 3758 803 3810 insta
814 3772 972 3837 capsacem,
989 3774 1124 3828 soporas.
1143 3706 1255 3817 -ulhd

82 3774 169 3902 llulgo
182 3825 222 3903 Et
249 3843 315 3904 Ιιιατη
333 3842 397 3904 acm
408 3825 531 3905 persistas
544 3826 603 3905 etc,
617 3823 687 3894 qnod
699 3839 770 3904 nunc
781 3840 842 3904 cum
854 3823 949 3878 nedem
961 3828 1155 3894 rnlrtcaaqaa
1167 3827 1256 3904 mata-
1288 3846 1292 3854 ·

81 3907 177 3944 vrrnns.
196 3892 223 3945 Sl
256 3909 281 3960 g.
303 3843 425 3945 ediderat
443 3892 519 3945 Hauc
536 3891 590 3956 alli,
612 3890 683 3971 qnod
701 3907 756 3944 ram
770 3891 840 3947 Scalr
860 3931 867 3945 .
885 3907 899 3945 e
916 3893 1006 3946 vetere
1018 3844 1109 3947 scied.
1122 3892 1256 3945 Contrane

82 3958 257 4028 praetulerat.
271 3989 296 3997 -
316 3957 376 4019 lhl.
395 3957 485 4027 Vulgo
497 3959 590 4023 Haac,
608 3974 665 4013 sine
683 3974 772 4013 sensu.
791 3959 808 4014 S
852 3958 917 4080 iper.
939 3976 970 4014 ex
988 3960 1081 4014 eudem
1099 3959 1197 4013 scheda
1214 3973 1255 4011 re·

81 4027 173 4079 stituit
192 4026 276 4088 Hinc,
300 4026 369 4094 qnod
391 4025 477 4095 Sillig.
496 4027 605 4097 recepit,
630 4028 661 4080 ut
681 4025 841 4081 haberemus
880 4026 959 4096 nplex
973 4027 1045 4094 binc,
1064 4028 1107 4094 (de
1147 4024 1255 4104 wid·
1320 4061 1321 4064 η

81 4093 186 4148 adnott.
207 4093 242 4147 ad
260 4095 324 4147 Aen.
343 4093 377 4157 X,
397 4098 453 4148 760.
473 4094 501 4147 et
517 4094 540 4160 I,
563 4096 638 4151 loti.
675 4094 731 4148 Nos
749 4110 810 4148 cnm
840 4094 936 4148 iisdem
953 4093 1006 4147 illis
1025 4094 1136 4150 editte
1167 4092 1256 4145 dimus

82 4161 153 4214 Hac.
172 4193 204 4200 -
223 4162 389 4230 qrrcrulae
407 4164 504 4228 (sorec)
531 4161 601 4215 idem
620 4160 689 4215 Soel.
709 4177 723 4216 e
741 4161 838 4216 Codice
867 4161 914 4215 illo
943 4162 1078 4216 revocavit
1108 4176 1156 4230 pro
1181 4159 1254 4228 vulg.

81 4230 220 4297 querelae.
256 4228 296 4282 Cf.
317 4228 381 4283 Geo.
399 4230 421 4294 Ι,
440 4232 499 4282 378.
534 4230 573 4282 Et
589 4237 703 4283 veterem
733 4231 761 4282 ia
779 4229 845 4283 limo
867 4246 955 4283 ranae
973 4230 1093 4283 aereaere
1110 4228 1255 4296 qaaewm.

81 4325 114 4335 —-
131 4299 213 4365 quta.
251 4295 319 4350 Scal.
339 4312 369 4350 ex
388 4297 480 4350 eodem
499 4295 562 4351 (lod.
590 4312 668 4365 areae.
703 4295 755 4350 Sed
784 4297 955 4351 minuente
984 4313 1106 4365 corpora
1133 4295 1258 4359 referant

80 4381 177 4442 vocem
196 4379 277 4432 qnare
295 4367 417 4432 praestat
434 4363 559 4432 vulgata,
591 4379 672 4442 qnam
690 4367 763 4418 recte
780 4363 866 4433 Sillig.
899 4314 927 4418 ei
949 4364 1110 4492 ppsteriores
1136 4361 1256 4482 editprps

81 4430 646 4579 enarer-,rcacerram
661 4446 727 4551 u.
765 4430 1255 4578 ,arcamarcaa

81 4565 121 4619 cle
140 4569 232 4620 antius
250 4566 364 4620 videtur.
382 4595 416 4606 —
453 4573 581 4621 remeat
608 4567 747 4620 arbusta
786 4565 889 4620 Hernsn
907 4567 950 4618 est
967 4564 1060 4628 lectio,
1108 4580 1171 4619 uem
1196 4563 1255 4620 coll.

80 4582 140 4686 hei.
155 4633 191 4698 II,
212 4638 249 4689 13.
272 4637 299 4688 et
316 4634 380 4688 Ges.
400 4634 426 4688 II
444 4675 452 4697 ,
471 4637 528 4689 328.
559 4650 620 4688 eum
647 4633 749 4701 Hem,
776 4632 889 4697 Iacche,
908 4647 960 4686 van
976 4631 1081 4687 Kooten
1121 4631 1192 4701 picil.
1221 4630 1279 4688 sd.
