2872 5070
488 252 717 320 AENEIDOS
741 252 822 321 LlB.
845 252 918 319 VII.

185 418 260 484 Mos
284 428 356 485 erat
376 420 540 508 Hesperio
560 422 594 485 in
617 420 723 503 Latio,
747 443 842 507 quern
864 422 1012 506 protinus
1035 420 1133 487 urbes

100 500 256 567 Albanae
280 503 408 569 coluere
431 527 569 585 sacrum,
591 526 677 568 nune
698 525 853 568 maxuma
874 526 983 568 rerum

98 585 207 651 Roma
230 586 316 670 colit,
338 610 412 651 cum
434 590 541 674 prima
562 598 694 652 movent
714 589 747 651 in
769 586 894 672 proelia
914 588 1063 664 Martem,

99 668 180 733 Sive
201 669 296 735 Getis
316 671 437 736 inferre
459 694 557 736 manu
579 669 781 735 lacrimabile
804 669 921 735 bellum

99 842 312 852 ...ιιι-...ᾕ-

98 955 240 1017 adnotare,
270 955 397 1009 Latinum
427 972 479 1010 non
511 954 618 1009 omnino
643 970 671 1009 so
701 956 843 1009 removisse
873 972 891 1010 a
922 955 1039 1024 regenda
1057 957 1176 1019 civitate,
1205 956 1277 1026 quod

98 1023 276 1092 sequentibus
309 1024 489 1091 contradicat,
526 1023 572 1076 sed
601 1026 709 1076 tantum
738 1023 803 1077 belli
831 1023 1091 1078 administrationem
1122 1023 1183 1078 aliis
1214 1041 1277 1078 cou-

98 1091 224 1145 ceasisse.
258 1090 344 1156 Quam
364 1109 426 1145 uam
456 1092 527 1146 enirn
548 1091 594 1155 IX,
615 1095 671 1144 309,
701 1108 749 1160 pro
771 1091 864 1144 Turno
894 1093 966 1159 reqr's
993 1111 1009 1143 r
1048 1111 1125 1145 rosseo
1148 1093 1279 1160 serebant

99 1159 208 1238 rectius.
229 1157 320 1212 editur
338 1110 433 1239 Xumm
462 1159 522 1239 rapi
546 1177 569 1212 r.
590 1160 626 1225 f,
658 1161 748 1212 tamen
776 1159 858 1238 etiam
882 1159 929 1238 XI,
953 1109 1157 1227 231.oelegimus
1176 1160 1278 1226 Deficit

99 1233 206 1293 unguento
222 1229 297 1280 luctu
313 1244 360 1280 ree
377 1244 436 1297 apae
453 1227 579 1280 Latmum
600 1257 629 1263 -·
649 1243 757 1279 rerum
784 1228 926 1295 reloqutl
948 1227 1102 1281 habenae.
1137 1226 1178 1281 Cf.
1199 1227 1276 1282 On'd.

99 1293 170 1346 net.
188 1293 248 1357 XV,
266 1296 324 1350 481.
346 1295 443 1359 ferrent
458 1323 469 1334 ·
488 1323 499 1333 ·
517 1311 581 1347 acce
604 1294 656 1347 isse
673 1294 793 1346 Nnrnam
807 1312 847 1363 po
869 1294 911 1346 uli
928 1294 1025 1348 latini
1040 1295 1166 1348 habenae.
1196 1294 1278 1348 Silius

99 1361 124 1440 l,
147 1364 203 1414 144.
219 1376 313 1440 rernm
330 1362 509 1415 Hasdrubali
524 1312 672 1414 trurlimtur
689 1361 817 1415 bodeclee.
846 1312 918 1414 glut.
937 1360 1001 1415 Silr.
1020 1362 1066 1429 IV,
1086 1366 1111 1427 3,
1131 1366 1189 1415 130.
1207 1363 1279 1415 burso

97 1430 176 1481 turbet
192 1430 279 1482 bemus
299 1428 357 1482 Pro
374 1446 403 1482 ee
420 1430 529 1499 Iupiter
546 1429 683 1497 imperare
702 1429 792 1490 terrie,
825 1427 884 1488 Quo
913 1448 968 1481 nou
997 1430 1109 1498 clr'quior
1138 1429 1189 1483 liae
1207 1429 1280 1483 mabit

98 1496 231 1552 labam
259 1496 313 1550 Cic.
327 1495 360 1550 de
372 1498 418 1552 Or.
431 1498 452 1561 Ι,
471 1500 511 1550 52.
529 1499 596 1550 extr.
630 1497 712 1565 Cnip
752 1496 837 1549 ιιίιιειῖ
854 1499 1061 1550 oenurclerancll
1072 1498 1224 1564 elreqeuds'
1234 1498 1280 1550 aui

97 1571 264 1635 potalelem
280 1565 362 1633 quaes·
377 1566 514 1633 qrmedam
531 1565 651 1617 habemur
669 1571 723 1616 trae
735 1564 796 1626 alil,
815 1563 824 1615 i
845 1563 880 1616 id.
899 1563 949 1625 Ill,
969 1567 997 1616 11
1033 1568 1090 1617 106.
1114 1566 1227 1618 validae
1242 1564 1279 1617 le·

98 1650 167 1699 qam
194 1631 324 1686 balmae.
357 1631 469 1701 Proprie
492 1647 571 1685 sensu
593 1631 719 1699 linquere
735 1632 855 1684 ledesma
871 1631 986 1699 legimus
1003 1605 1052 1693 XI,
1071 1634 1129 1685 827.
1166 1631 1279 1686 Eadem-

99 1714 160 1821 ffi
173 1699 278 1753 ratione
295 1698 345 1753 hoc
363 1715 420 1753 voc.
438 1700 473 1753 ab
492 1699 657 1767 equitatione
675 1698 710 1752 ad
728 1698 803 1752 nauis
821 1699 1042 1766 gubernationem
1059 1696 1223 1753 translatum
1240 1699 1279 1751 vi-

121 1766 128 1779 '
160 1766 302 1831 usV1,l.
326 1770 355 1820 et
372 1767 447 1821 alibi.
464 1797 497 1806 -
515 1765 569 1827 ool
589 1783 629 1835 sq.
665 1765 771 1820 Bellum
800 1765 928 1819 iudicitur
959 1766 1071 1836 ideoque
1099 1783 1129 1821 ex
1146 1767 1279 1835 antiquis·

100 1832 591 1956 tat.¹f⁰t¹t¹⁰ettt¹¹tlltl
610 1834 1280 1981 intelle,'rettulitluterell?

231 1940 238 1961 ι
291 1945 296 1956 ·
692 1940 696 1953 ι’
791 1941 797 1953 ι
944 1943 951 1968 l
1276 1944 1279 1951 ι

99 1967 1200 2117 uertentiumttltu}“ittettettmreululet}
1240 1987 1281 2091 t:

100 2104 201 2175 gilium
229 2115 272 2158 er·
288 2104 348 2158 aliis
368 2104 490 2159 fontibus
508 2105 629 2158 hausisse
648 2108 676 2158 ot
693 2104 761 2170 Iani,
792 2105 931 2174 tamquam
950 2104 1025 2170 pacis
1042 2104 1159 2173 bellique
1176 2104 1279 2167 indicis,

102 2170 263 2241 religionem
280 2171 371 2226 Numa
399 2172 478 2240 louge
495 2172 673 2239 antiquiorem
690 2174 794 2250 postea,
825 2188 884 2226 cum
904 2172 985 2225 serncl
1006 2172 1164 2226 invaluisset
1183 2171 1280 2237 crinio,

101 2238 177 2294 bunc
193 2255 223 2293 re
243 2254 285 2293 ern
303 2239 440 2307 religionis
457 2239 580 2309 publicae
598 2241 736 2292 auctorem
754 2240 845 2301 fuisse,
865 2240 899 2291 ab
917 2239 1061 2292 Annalium
1080 2239 1186 2292 demum
1228 2254 1280 2291 om.

102 2256 283 2377 scriptoribus
312 2322 367 2361 una
390 2323 451 2360 cum
469 2306 564 2361 celcris
582 2307 664 2359 sacris
682 2306 717 2360 ad
736 2323 797 2360 oum
814 2306 930 2360 relatam
949 2307 1040 2360 fuisse.
1073 2305 1199 2359 Ceterum
1217 2321 1280 2359 cau·

102 2388 164 2429 nm
194 2373 275 2428 huius
305 2374 388 2427 moris
406 2376 487 2428 Ianus
506 2375 563 2442 ipse
581 2375 659 2427 affert
678 2374 748 2442 apud
767 2374 891 2427 Ovidium
910 2373 985 2426 Fast.
1002 2373 1025 2433 Ι,
1044 2376 1100 2426 llll.
1120 2404 1152 2411 -
1166 2372 1281 2442 proli-

100 2458 166 2495 aaa
183 2441 248 2510 (viu.
267 2440 302 2495 ad
323 2441 379 2495 uel.
398 2442 420 2506 Ι,
443 2443 491 2509 13.)
509 2441 536 2494 h.
553 2440 573 2494 1.
592 2441 693 2508 iugiter
713 2442 755 2506 (ut
774 2442 841 2494 bone
859 2441 952 2505 Seru),
972 2442 1102 2509 perpetuo
1120 2440 1155 2493 ab
1173 2456 1203 2493 eo
1219 2438 1281 2492 iude

101 2512 235 2579 tempore,
254 2524 306 2577 quo
325 2509 408 2562 semel
427 2509 470 2562 hic
490 2526 546 2562 mos
564 2512 606 2561 est
623 2507 794 2563 constitutus.
817 2508 915 2561 Eodem
933 2523 1012 2561 sensu
1033 2509 1192 2575 usurpatum
1211 2505 1283 2560 redit

102 2576 179 2631 iufra
194 2576 243 2640 lx,
261 2580 321 2631 331.
356 2576 418 2629 Vid.
436 2576 524 2630 Hand.
545 2576 622 2630 Turs.
641 2575 688 2628 lv.
708 2592 734 2643 p.
753 2578 810 2631 622,
845 2575 996 2641 Conington
1028 2578 1166 2643 comparat
1190 2592 1281 2644 perro

102 2645 138 2710 V,
156 2647 217 2698 600.
238 2646 407 2710 —-,‚urleo
424 2645 589 2705 Albanae,
618 2642 744 2697 coloniae.
781 2643 851 2697 Nam
869 2644 940 2696 Alba
957 2642 1032 2695 XXX
1056 2643 1213 2711 oppidorum
1230 2641 1281 2695 La·

103 2713 227 2767 tinorum
257 2714 351 2765 mater.
388 2711 429 2766 (li.
447 2712 556 2779 Dionys.
580 2711 630 2767 ΙΙΙ.
655 2714 714 2764 31.“
749 2711 838 2780 Heya.
859 2742 892 2750 -
909 2711 1051 2765 maximo
1080 2727 1200 2775 reram,
1229 2724 1281 2761 uon

104 2778 288 2863 publicarum,
322 2778 393 2847 quod
416 2779 508 2857 Ruhlr.¹
529 2778 646 2847 supplet,
670 2777 716 2831 sod
747 2777 866 2833 πάντων
892 2782 950 2833 τῶν
970 2775 1068 2857 'dormo
1090 2793 1117 2858 ρ.
1144 2773 1283 2848 μίγισιόν

104 2866 223 2969 gigo«
242 2844 1022 2993 elulsitientetu‘ttltudetutulli
1039 2844 1283 2989 literature

104 2982 155 3063 Ib',
176 2984 234 3036 125.
265 2980 289 3033 O
317 2981 421 3035 odiorum
450 2981 576 3060 nocitor-ru
609 2982 667 3043 tior,
695 2981 881 3050 prdrlerrime
909 2997 1008 3042 rerum,
1037 2928 1073 3030 Xe)
1102 2980 1192 3057 maleo
1222 2994 1284 3029 nomo

104 3048 456 3171 umtrrtlett
474 3047 619 3171 §llll
630 3047 1019 3184 ,uttitttltdtltt
1040 3044 1284 3164 »latuelle

104 3184 175 3239 Aen.
194 3183 229 3247 V,
246 3186 305 3237 000.
332 3202 459 3237 mamurra
483 3183 625 3235 110001.-
652 3181 716 3242 603.
747 3189 896 3245 „movent
925 3181 959 3233 iu
985 3179 1124 3248 proelia
1141 3178 1283 3230 Martem

105 3268 177 3307 nove
205 3249 318 3305 dictum.
353 3250 443 3319 Vulgo
459 3257 581 3303 reuocetur
599 3249 705 3311 bellum,
736 3248 834 3316 Mora·
863 3247 1021 3301 tumetium
1039 3252 1178 3299 moerorum
1195 3261 1282 3323 ormq,

128 3337 158 3374 ru
179 3318 276 3388 quibus
294 3317 416 3371 Murteae
435 3318 517 3383 (11ιὶ1,
548 3318 575 3371 et
592 3315 691 3370 adiecit
710 3316 738 3370 iu
753 3316 874 3387 proella.
910 3314 984 3381 Quod
1002 3313 1105 3367 indicto
1122 3312 1193 3369 bello
1212 3327 1284 3366 anm·

107 3336 149 3441 ll·
177 3386 424 3453 commovebantur,
455 3386 573 3439 alionum
605 3386 640 3437 ab
669 3385 694 3438 h.
713 3384 732 3438 l.
763 3387 833 3438 est.“
870 3383 958 3451 Heq-n.
977 3398 1096 3434 -eum
1113 3381 1284 3450 prima·-

106 3451 613 3576 ⁹⁸⁰rlel1m¹¹t⁰cl¹i'uq'tli¹miairqu⁰
628 3456 749 3574 filine&
779 3469 839 3572 elliu
857 3451 885 3503 in
900 3466 934 3583 (elo
954 3451 1064 3570 cztgrut
1092 3448 1285 3569 milliifflsntlr

107 3538 140 3577 ιιι
216 3537 272 3575 um.
344 3535 948 3581 .an0.aeo.‚·.a.u.
1031 3534 1048 3568 r.
1232 3554 1283 3577 ,.

108 3589 170 3661 (qui
200 3588 283 3643 etiarn
314 3588 418 3642 confert-
437 3587 500 3653 XII,
522 3590 590 3651 103.)
620 3604 680 3640 eram
706 3588 815 3657 prisona
831 3535 884 3639 ffin
903 3533 1142 3638 multuml'diffcrrc
1162 3557 1286 3636 ce’nseta

109 3658 280 3728 prinsquam,
298 3657 332 3708 ut
350 3672 443 3709 sensus
462 3655 513 3708 sit:
532 3654 689 3723 prinsquam
708 3653 912 3723 proficiscuntur
929 3653 963 3705 ad
982 3650 1090 3730 bellum.
1103 3680 1136 3688 -
1153 3648 1210 3710 001
1227 3667 1240 3701 s
1260 3665 1284 3727 q.

110 3723 282 3796 ,Splendida
310 3725 353 3776 est
380 3723 473 3777 oratio.
509 3721 593 3776 Bellis
623 3723 693 3775 euim
712 3737 772 3775 cum
790 3720 915 3775 extremis
934 3720 1006 3773 orbrs
1024 3720 1157 3771 terrarum
1177 3731 1249 3785 popu
1279 3732 1284 3744 ·

108 3791 238 3865 gerendis
253 3790 361 3859 imperii
378 3790 454 3844 Rom.
473 3789 601 3843 maiestas
619 3789 754 3857 praeclare
771 3787 932 3842 declaratur.
968 3785 1043 3851 Quod
1063 3783 1165 3837 Getae
1182 3783 1284 3843 narrat,

109 3877 165 3916 non
196 3862 240 3915 est
268 3858 418 3926 urgendum
425 3878 432 3923 ;
461 3857 547 3911 voluit
563 3860 670 3910 tantum
689 3857 755 3909 fines
773 3854 811 3908 im
831 3854 880 3909 erii
896 3854 930 3908 ad
948 3851 1101 3930 Danubium
1121 3850 1284 3930 declarare.“

110 3928 204 3997 Heyn.
239 3924 350 3979 Paetum
382 3926 424 3979 his
453 3925 573 3980 versibus
591 3924 714 3992 Augusto
743 3872 861 3977 blaneliu
890 3922 1000 3990 eiusque
1028 3918 1142 3988 gloriam
1161 3918 1285 3971 bellicam

110 3994 251 4050 celebrare
280 3993 405 4057 voluisse,
434 3993 461 4046 in
491 3995 617 4112 {romptu
637 3995 686 4044 est.
722 3989 808 4044 Gelae
824 3990 908 4059 igitur
927 3988 1032 4066 omuino
1051 3985 1142 4063 posuit
1158 4001 1207 4053 pro
1224 3984 1286 4061 bar·

110 4063 188 4118 baris
205 4061 360 4117 Occidentis
391 4060 494 4114 nationi
514 4077 546 4112 us
564 4059 599 4112 ab
617 4060 741 4125 Augusto
759 4057 880 4122 devictis,
911 4072 959 4124 pro
978 4054 1084 4176 (quibus
1102 4054 1182 4106 etiam
1201 4051 1224 4103 A
1244 4065 1285 4102 ur·

111 4136 197 4185 tanos
226 4128 385 4192 aMcssala,
415 4128 457 4181 vel
475 4127 626 4180 Cantabros
656 4128 684 4177 ct
702 4125 813 4178 Astures
838 4140 907 4178 auno
925 4123 957 4176 U.
1002 4124 1085 4175 ,720
1104 4120 1138 4172 ab
1157 4117 1215 4171 irso
1257 4133 1287 4169 u·

152 4202 198 4253 sto
225 4200 366 4264 superatos
396 4210 602 4247 commemorare
625 4194 740 4261 poterat.
775 4193 844 4246 Cum
860 4189 1015 4244 nationibus
1033 4191 1125 4240 autem
1143 4134 1178 4238 al
1191 4184 1287 4264 'Dauu-

110 4214 193 4319 llum
222 4262 255 4317 de
276 4263 383 4316 cutibus
413 4265 441 4315 et
471 4277 549 4328 saepe
566 4259 765 4313 incurrentibus
783 4259 810 4312 in
828 4258 1009 4311 Romanorum
1027 4254 1102 4316 fines,
1133 4252 1214 4332 Dacus
1231 4265 1288 4304 ma·

111 4332 187 4389 xime
205 4332 262 4400 (qm
280 4346 313 4384 us
330 4329 415 4384 Getae
432 4327 523 4395 ricini)
541 4331 569 4381 et
585 4326 735 4389 Bastarnis,
765 4327 801 4383 M.
820 4325 935 4380 Crassus
953 4325 987 4378 ab
1004 4321 1128 4400 Auguste
1145 4334 1244 4371 mrssus
1262 4332 1286 4395 a.

77 4452 81 4457 .
111 4398 279 4456 1112727.
308 4396 409 4450 bellum
439 4396 569 4463 gesserat.
604 4395 704 4448 Maiore
734 4395 815 4448 etiam
844 4393 902 4446 inre
919 4390 1049 4445 Horatius
1078 4402 1106 4440 ru
1137 4385 1196 4465 loco
1225 4384 1288 4437 hmo

111 4464 264 4528 simillimo,
281 4463 329 4518 (ld.
351 4465 398 4526 lV,
420 4467 459 4524 15,
481 4466 532 4524 21,
563 4462 609 4515 sed
639 4460 742 4515 duobus
772 4461 828 4514 fere
849 4460 943 4514 lustris
961 4459 1024 4527 post
1046 4454 1205 4520 consumpto,
1235 4465 1288 4520 quo

112 4532 310 4604 temporetam
328 4530 451 4586 Tiberius
469 4529 530 4584 inde
548 4530 582 4582 ab
600 4545 670 4583 anuo
688 4532 745 4583 142.
763 4527 878 4583 feliciter
896 4543 957 4581 cum
973 4522 1055 4578 Dacis
1074 4520 1186 4589 aliisque
1204 4534 1288 4599 popu·

112 4602 151 4657 lis
180 4599 276 4655 vicinia
293 4598 457 4667 conflixerat,
489 4596 574 4651 Gelon
591 4597 625 4651 ab
642 4598 765 4663 Augusto
782 4594 898 4649 domitos
916 4604 1122 4667 commemorare
1140 4588 1237 4656 potuit.
1256 4618 1288 4625 --

114 4700 148 4711 -
168 4668 303 4735 inferre
329 4683 430 4722 manu.
466 4665 507 4719 Cf.
528 4665 593 4721 Goo.
610 4664 662 4726 111,
681 4668 720 4718 32.
743 4672 860 4732 tropaeo
876 4668 960 4730 rapta
976 4675 1059 4712 uranu
1075 4656 1166 4724 rbrque
1183 4654 1288 4708 adnott.

1069 4740 1080 4765 0

1050 4740 1066 4791 6
