<?xml version="1.0" encoding="UTF-8"?>
<!DOCTYPE html PUBLIC "-//W3C//DTD XHTML 1.0 Transitional//EN"
    "http://www.w3.org/TR/xhtml1/DTD/xhtml1-transitional.dtd">
<html xmlns="http://www.w3.org/1999/xhtml" xml:lang="en" lang="en">
 <head>
  <title>
</title>
<meta http-equiv="Content-Type" content="text/html;charset=utf-8" />
  <meta name='ocr-system' content='tesseract 3.04.00' />
  <meta name='ocr-capabilities' content='ocr_page ocr_carea ocr_par ocr_line ocrx_word'/>
</head>
<body>
  <div class='ocr_page' id='page_1' title='image "./pvirgilimaronis00forbgoog_0387.png"; bbox 0 0 2872 5070; ppageno 0'>
   <div class='ocr_carea' id='block_1_1' title="bbox 524 253 1302 321">
    <p class='ocr_par' dir='ltr' id='par_1_1' title="bbox 524 253 1302 321">
     <span class='ocr_line' id='line_1_1' title="bbox 524 253 1302 321; baseline -0.005 -1"><span class='ocrx_word' id='word_1_1' title='bbox 524 253 753 321; x_wconf 83' lang='lat' dir='ltr'>AENEIDOS</span> <span class='ocrx_word' id='word_1_2' title='bbox 775 254 861 320; x_wconf 91' lang='lat' dir='ltr'><strong>LIB.</strong></span> <span class='ocrx_word' id='word_1_3' title='bbox 883 253 928 319; x_wconf 90' lang='lat' dir='ltr'><strong>X.</strong></span> <span class='ocrx_word' id='word_1_4' title='bbox 1241 258 1302 320; x_wconf 87' lang='grc'><strong>345</strong></span> 
     </span>
    </p>
   </div>
   <div class='ocr_carea' id='block_1_2' title="bbox 128 419 1003 839">
    <p class='ocr_par' dir='ltr' id='par_1_2' title="bbox 128 419 1003 839">
     <span class='ocr_line' id='line_1_2' title="bbox 128 419 1003 502; baseline -0.003 -15"><span class='ocrx_word' id='word_1_5' title='bbox 128 423 219 487; x_wconf 89' lang='lat' dir='ltr'><strong>Dum</strong></span> <span class='ocrx_word' id='word_1_6' title='bbox 242 421 330 485; x_wconf 89' lang='lat' dir='ltr'><strong>canit</strong></span> <span class='ocrx_word' id='word_1_7' title='bbox 351 429 383 486; x_wconf 92' lang='lat' dir='ltr'><strong>et</strong></span> <span class='ocrx_word' id='word_1_8' title='bbox 403 428 563 486; x_wconf 88' lang='lat' dir='ltr'><strong>maestum</strong></span> <span class='ocrx_word' id='word_1_9' title='bbox 584 419 681 486; x_wconf 85' lang='lat' dir='ltr'><strong>Musa</strong></span> <span class='ocrx_word' id='word_1_10' title='bbox 703 419 826 486; x_wconf 89' lang='lat' dir='ltr'><strong>solatur</strong></span> <span class='ocrx_word' id='word_1_11' title='bbox 848 442 1003 502; x_wconf 88' lang='lat' dir='ltr'><strong>amorem,</strong></span> 
     </span>
     <span class='ocr_line' id='line_1_3' title="bbox 131 503 889 591; baseline -0.004 -21"><span class='ocrx_word' id='word_1_12' title='bbox 131 505 310 570; x_wconf 79' lang='lat' dir='ltr'><strong>Canentem</strong></span> <span class='ocrx_word' id='word_1_13' title='bbox 333 503 421 568; x_wconf 92' lang='lat' dir='ltr'><strong>molli</strong></span> <span class='ocrx_word' id='word_1_14' title='bbox 443 503 553 591; x_wconf 89' lang='lat' dir='ltr'><strong>pluma</strong></span> <span class='ocrx_word' id='word_1_15' title='bbox 573 503 705 573; x_wconf 80' lang='lat' dir='ltr'><strong>(luxisse</strong></span> <span class='ocrx_word' id='word_1_16' title='bbox 726 513 889 569; x_wconf 79' lang='lat' dir='ltr'><strong>senectam</strong></span> 
     </span>
     <span class='ocr_line' id='line_1_4' title="bbox 128 586 971 672; baseline 0.005 -20"><span class='ocrx_word' id='word_1_17' title='bbox 128 589 342 672; x_wconf 87' lang='lat' dir='ltr'><strong>Linquentem</strong></span> <span class='ocrx_word' id='word_1_18' title='bbox 365 596 469 651; x_wconf 89' lang='lat' dir='ltr'><strong>terras</strong></span> <span class='ocrx_word' id='word_1_19' title='bbox 491 595 523 651; x_wconf 92' lang='lat' dir='ltr'><strong>et</strong></span> <span class='ocrx_word' id='word_1_20' title='bbox 542 586 651 652; x_wconf 87' lang='lat' dir='ltr'><strong>sidera</strong></span> <span class='ocrx_word' id='word_1_21' title='bbox 672 609 752 652; x_wconf 88' lang='lat' dir='ltr'><strong>voce</strong></span> <span class='ocrx_word' id='word_1_22' title='bbox 774 594 971 672; x_wconf 84' lang='lat' dir='ltr'><strong>sequentem.</strong></span> 
     </span>
     <span class='ocr_line' id='line_1_5' title="bbox 129 669 895 755; baseline -0.004 -20"><span class='ocrx_word' id='word_1_23' title='bbox 129 670 234 735; x_wconf 86' lang='lat' dir='ltr'><strong>Filius</strong></span> <span class='ocrx_word' id='word_1_24' title='bbox 258 669 403 755; x_wconf 89' lang='lat' dir='ltr'><strong>aequalis</strong></span> <span class='ocrx_word' id='word_1_25' title='bbox 423 671 596 735; x_wconf 78' lang='lat' dir='ltr'><strong>comitatus</strong></span> <span class='ocrx_word' id='word_1_26' title='bbox 619 669 723 735; x_wconf 89' lang='lat' dir='ltr'><strong>classe</strong></span> <span class='ocrx_word' id='word_1_27' title='bbox 745 681 895 735; x_wconf 86' lang='lat' dir='ltr'><strong>catervas</strong></span> 
     </span>
     <span class='ocr_line' id='line_1_6' title="bbox 129 751 923 839; baseline -0.001 -22"><span class='ocrx_word' id='word_1_28' title='bbox 129 754 298 839; x_wconf 86' lang='lat' dir='ltr'><strong>Ingentem</strong></span> <span class='ocrx_word' id='word_1_29' title='bbox 319 753 417 817; x_wconf 90' lang='lat' dir='ltr'><strong>remis</strong></span> <span class='ocrx_word' id='word_1_30' title='bbox 440 751 639 818; x_wconf 82' lang='lat' dir='ltr'><strong>Centaurum</strong></span> <span class='ocrx_word' id='word_1_31' title='bbox 661 760 847 839; x_wconf 84' lang='lat' dir='ltr'><strong>promovet:</strong></span> <span class='ocrx_word' id='word_1_32' title='bbox 869 751 923 817; x_wconf 91' lang='lat' dir='ltr'><strong>ille</strong></span> 
     </span>
    </p>
   </div>
   <div class='ocr_carea' id='block_1_3' title="bbox 124 1083 1353 4732">
    <p class='ocr_par' dir='ltr' id='par_1_3' title="bbox 124 1083 1353 4732">
     <span class='ocr_line' id='line_1_7' title="bbox 130 1083 1303 1154; baseline 0 -16"><span class='ocrx_word' id='word_1_33' title='bbox 130 1087 267 1146; x_wconf 88' lang='lat' dir='ltr'><strong>arborum,</strong></span> <span class='ocrx_word' id='word_1_34' title='bbox 287 1085 313 1137; x_wconf 91' lang='lat' dir='ltr'><strong>in</strong></span> <span class='ocrx_word' id='word_1_35' title='bbox 332 1100 399 1154; x_wconf 90' lang='lat' dir='ltr'><strong>quas</strong></span> <span class='ocrx_word' id='word_1_36' title='bbox 416 1087 537 1140; x_wconf 90' lang='lat' dir='ltr'><strong>mutatae</strong></span> <span class='ocrx_word' id='word_1_37' title='bbox 555 1086 619 1138; x_wconf 84' lang='lat' dir='ltr'><strong>sunt</strong></span> <span class='ocrx_word' id='word_1_38' title='bbox 636 1101 746 1138; x_wconf 87' lang='lat' dir='ltr'><strong>sorores.</strong></span> <span class='ocrx_word' id='word_1_39' title='bbox 782 1083 941 1138; x_wconf 74' lang='lat' dir='ltr'><strong>onustat.</strong></span> <span class='ocrx_word' id='word_1_40' title='bbox 961 1084 997 1150; x_wconf 90' lang='lat' dir='ltr'><strong>II,</strong></span> <span class='ocrx_word' id='word_1_41' title='bbox 1016 1087 1072 1140; x_wconf 77' lang='lat'>372.</span> <span class='ocrx_word' id='word_1_42' title='bbox 1092 1084 1154 1139; x_wconf 90' lang='lat' dir='ltr'><strong>inde</strong></span> <span class='ocrx_word' id='word_1_43' title='bbox 1175 1085 1239 1139; x_wconf 82' lang='lat' dir='ltr'><strong>fecit</strong></span> <span class='ocrx_word' id='word_1_44' title='bbox 1255 1085 1303 1138; x_wconf 72' lang='lat' dir='ltr'><strong>set·</strong></span> 
     </span>
     <span class='ocr_line' id='line_1_8' title="bbox 129 1151 1303 1221; baseline 0.001 -16"><span class='ocrx_word' id='word_1_45' title='bbox 129 1172 191 1205; x_wconf 75' lang='lat' dir='ltr'><strong>earn</strong></span> <span class='ocrx_word' id='word_1_46' title='bbox 219 1154 360 1204; x_wconf 80' lang='lat' dir='ltr'><strong>sororibus</strong></span> <span class='ocrx_word' id='word_1_47' title='bbox 388 1160 504 1206; x_wconf 76' lang='lat' dir='ltr'><strong>aacmm.</strong></span> <span class='ocrx_word' id='word_1_48' title='bbox 539 1153 653 1206; x_wconf 84' lang='lat' dir='ltr'><strong>Videtur</strong></span> <span class='ocrx_word' id='word_1_49' title='bbox 672 1152 742 1206; x_wconf 88' lang='lat' dir='ltr'><strong>hunc</strong></span> <span class='ocrx_word' id='word_1_50' title='bbox 759 1152 845 1204; x_wconf 89' lang='lat' dir='ltr'><strong>locum</strong></span> <span class='ocrx_word' id='word_1_51' title='bbox 865 1151 1012 1221; x_wconf 83' lang='lat' dir='ltr'><strong>respexisse</strong></span> <span class='ocrx_word' id='word_1_52' title='bbox 1029 1152 1129 1207; x_wconf 80' lang='lat' dir='ltr'><strong>Seneca</strong></span> <span class='ocrx_word' id='word_1_53' title='bbox 1146 1153 1223 1208; x_wconf 82' lang='lat' dir='ltr'><strong>Here.</strong></span> <span class='ocrx_word' id='word_1_54' title='bbox 1243 1154 1303 1208; x_wconf 86' lang='lat' dir='ltr'><strong>Oet.</strong></span> 
     </span>
     <span class='ocr_line' id='line_1_9' title="bbox 134 1219 1303 1290; baseline 0.003 -19"><span class='ocrx_word' id='word_1_55' title='bbox 134 1224 187 1271; x_wconf 77' lang='grc'><strong>181.</strong></span> <span class='ocrx_word' id='word_1_56' title='bbox 223 1220 276 1270; x_wconf 83' lang='lat' dir='ltr'><strong>Ubi</strong></span> <span class='ocrx_word' id='word_1_57' title='bbox 304 1227 406 1273; x_wconf 67' lang='lat' dir='ltr'><strong>monta</strong></span> <span class='ocrx_word' id='word_1_58' title='bbox 433 1227 514 1273; x_wconf 87' lang='lat' dir='ltr'><strong>sonat</strong></span> <span class='ocrx_word' id='word_1_59' title='bbox 532 1221 783 1274; x_wconf 61' lang='lat' dir='ltr'><strong>Phaethontiadum</strong></span> <span class='ocrx_word' id='word_1_60' title='bbox 810 1219 882 1273; x_wconf 81' lang='lat' dir='ltr'><strong>siloa</strong></span> <span class='ocrx_word' id='word_1_61' title='bbox 911 1238 1046 1274; x_wconf 81' lang='lat' dir='ltr'><strong>sororum.</strong></span> <span class='ocrx_word' id='word_1_62' title='bbox 1080 1219 1195 1274; x_wconf 80' lang='lat' dir='ltr'><strong>Gentius</strong></span> <span class='ocrx_word' id='word_1_63' title='bbox 1214 1238 1241 1290; x_wconf 85' lang='lat' dir='ltr'><strong>p.</strong></span> <span class='ocrx_word' id='word_1_64' title='bbox 1261 1223 1303 1276; x_wconf 86' lang='grc'><strong>53.</strong></span> 
     </span>
     <span class='ocr_line' id='line_1_10' title="bbox 130 1286 1304 1357; baseline 0.003 -20"><span class='ocrx_word' id='word_1_65' title='bbox 130 1289 236 1354; x_wconf 85' lang='lat' dir='ltr'><strong>practer</strong></span> <span class='ocrx_word' id='word_1_66' title='bbox 255 1286 339 1339; x_wconf 92' lang='lat' dir='ltr'><strong>ullam</strong></span> <span class='ocrx_word' id='word_1_67' title='bbox 360 1290 547 1341; x_wconf 87' lang='lat' dir='ltr'><strong>necessitatem</strong></span> <span class='ocrx_word' id='word_1_68' title='bbox 566 1287 693 1357; x_wconf 84' lang='lat' dir='ltr'><strong>proponit</strong></span> <span class='ocrx_word' id='word_1_69' title='bbox 709 1288 891 1341; x_wconf 88' lang='lat' dir='ltr'><strong>coniecturam</strong></span> <span class='ocrx_word' id='word_1_70' title='bbox 916 1305 1053 1340; x_wconf 83' lang='lat' dir='ltr'><strong>sonoram.</strong></span> <span class='ocrx_word' id='word_1_71' title='bbox 1072 1287 1182 1349; x_wconf 83' lang='grc'><strong>-191,</strong></span> <span class='ocrx_word' id='word_1_72' title='bbox 1211 1290 1304 1350; x_wconf 76' lang='lat' dir='ltr'><strong>sota·</strong></span> 
     </span>
     <span class='ocr_line' id='line_1_11' title="bbox 129 1354 1305 1420; baseline 0.003 -15"><span class='ocrx_word' id='word_1_73' title='bbox 129 1363 184 1405; x_wconf 85' lang='lat' dir='ltr'><strong>tar</strong></span> <span class='ocrx_word' id='word_1_74' title='bbox 216 1371 365 1407; x_wconf 78' lang='lat' dir='ltr'><strong>anserem.</strong></span> <span class='ocrx_word' id='word_1_75' title='bbox 400 1355 682 1420; x_wconf 52' lang='grc'><strong>155441235-</strong></span> <span class='ocrx_word' id='word_1_76' title='bbox 701 1355 813 1416; x_wconf 80' lang='lat' dir='ltr'><strong>Musa,</strong></span> <span class='ocrx_word' id='word_1_77' title='bbox 839 1357 928 1409; x_wconf 89' lang='lat' dir='ltr'><strong>cantu.</strong></span> <span class='ocrx_word' id='word_1_78' title='bbox 965 1354 1305 1416; x_wconf 76' lang='lat' dir='ltr'><strong>ct.adnott.ad1tcl.1,</strong></span> 
     </span>
     <span class='ocr_line' id='line_1_12' title="bbox 130 1420 1305 1488; baseline 0.002 -14"><span class='ocrx_word' id='word_1_79' title='bbox 130 1426 154 1474; x_wconf 81' lang='lat'><strong>2.</strong></span> <span class='ocrx_word' id='word_1_80' title='bbox 183 1424 211 1474; x_wconf 87' lang='lat' dir='ltr'><strong>ct</strong></span> <span class='ocrx_word' id='word_1_81' title='bbox 238 1420 303 1475; x_wconf 88' lang='lat' dir='ltr'><strong>Geo.</strong></span> <span class='ocrx_word' id='word_1_82' title='bbox 322 1421 369 1483; x_wconf 85' lang='lat' dir='ltr'><strong>IV,</strong></span> <span class='ocrx_word' id='word_1_83' title='bbox 387 1426 444 1476; x_wconf 90' lang='grc'><strong>464,</strong></span> <span class='ocrx_word' id='word_1_84' title='bbox 472 1422 536 1477; x_wconf 88' lang='lat' dir='ltr'><strong>Ise</strong></span> <span class='ocrx_word' id='word_1_85' title='bbox 569 1423 644 1477; x_wconf 56' lang='lat' dir='ltr'><strong>(stava</strong></span> <span class='ocrx_word' id='word_1_86' title='bbox 674 1422 768 1476; x_wconf 80' lang='lat' dir='ltr'><strong>solans</strong></span> <span class='ocrx_word' id='word_1_87' title='bbox 797 1439 907 1488; x_wconf 76' lang='lat' dir='ltr'><strong>asprum</strong></span> <span class='ocrx_word' id='word_1_88' title='bbox 938 1421 1071 1475; x_wconf 70' lang='lat' dir='ltr'><strong>testudine</strong></span> <span class='ocrx_word' id='word_1_89' title='bbox 1101 1439 1229 1476; x_wconf 86' lang='lat' dir='ltr'><strong>amorem.</strong></span> <span class='ocrx_word' id='word_1_90' title='bbox 1264 1422 1305 1476; x_wconf 88' lang='lat' dir='ltr'><strong>De</strong></span> 
     </span>
     <span class='ocr_line' id='line_1_13' title="bbox 130 1486 1305 1568; baseline 0.001 -27"><span class='ocrx_word' id='word_1_91' title='bbox 130 1488 252 1542; x_wconf 81' lang='lat' dir='ltr'><strong>sabuloso</strong></span> <span class='ocrx_word' id='word_1_92' title='bbox 271 1504 413 1568; x_wconf 68' lang='lat' dir='ltr'><strong>cycnorum</strong></span> <span class='ocrx_word' id='word_1_93' title='bbox 431 1506 481 1544; x_wconf 91' lang='lat' dir='ltr'><strong>can</strong></span> <span class='ocrx_word' id='word_1_94' title='bbox 496 1508 514 1544; x_wconf 89' lang='lat' dir='ltr'><strong>u</strong></span> <span class='ocrx_word' id='word_1_95' title='bbox 530 1489 584 1543; x_wconf 77' lang='lat' dir='ltr'><strong>nid.</strong></span> <span class='ocrx_word' id='word_1_96' title='bbox 602 1490 637 1544; x_wconf 85' lang='lat' dir='ltr'><strong>sd</strong></span> <span class='ocrx_word' id='word_1_97' title='bbox 656 1490 711 1543; x_wconf 87' lang='lat' dir='ltr'><strong>Ecl.</strong></span> <span class='ocrx_word' id='word_1_98' title='bbox 730 1489 804 1554; x_wconf 84' lang='lat' dir='ltr'><strong>vm,</strong></span> <span class='ocrx_word' id='word_1_99' title='bbox 826 1495 866 1544; x_wconf 88' lang='grc'><strong>55.</strong></span> <span class='ocrx_word' id='word_1_100' title='bbox 885 1490 1081 1551; x_wconf 56' lang='grc'><strong>5111129.-</strong></span> <span class='ocrx_word' id='word_1_101' title='bbox 1101 1486 1161 1548; x_wconf 79' lang='lat'><strong>192.</strong></span> <span class='ocrx_word' id='word_1_102' title='bbox 1181 1489 1305 1554; x_wconf 78' lang='lat' dir='ltr'><strong>„Ferunt</strong></span> 
     </span>
     <span class='ocr_line' id='line_1_14' title="bbox 130 1556 1305 1625; baseline 0.001 -15"><span class='ocrx_word' id='word_1_103' title='bbox 130 1573 191 1610; x_wconf 89' lang='lat' dir='ltr'><strong>curn</strong></span> <span class='ocrx_word' id='word_1_104' title='bbox 208 1557 357 1619; x_wconf 78' lang='lat' dir='ltr'><strong>danesse,</strong></span> <span class='ocrx_word' id='word_1_105' title='bbox 375 1556 400 1610; x_wconf 91' lang='lat' dir='ltr'><strong>h.</strong></span> <span class='ocrx_word' id='word_1_106' title='bbox 419 1575 442 1612; x_wconf 88' lang='lat' dir='ltr'><strong>e.</strong></span> <span class='ocrx_word' id='word_1_107' title='bbox 460 1558 605 1620; x_wconf 78' lang='lat' dir='ltr'><strong>induxisse,</strong></span> <span class='ocrx_word' id='word_1_108' title='bbox 625 1563 790 1611; x_wconf 81' lang='lat' dir='ltr'><strong>senectam</strong></span> <span class='ocrx_word' id='word_1_109' title='bbox 806 1562 975 1611; x_wconf 85' lang='lat' dir='ltr'><strong>canentem</strong></span> <span class='ocrx_word' id='word_1_110' title='bbox 991 1556 1093 1610; x_wconf 81' lang='lat' dir='ltr'><strong>molti</strong></span> <span class='ocrx_word' id='word_1_111' title='bbox 1104 1558 1238 1625; x_wconf 79' lang='lat' dir='ltr'><strong>pluma,</strong></span> <span class='ocrx_word' id='word_1_112' title='bbox 1266 1556 1305 1611; x_wconf 79' lang='lat' dir='ltr'><strong>ita</strong></span> 
     </span>
     <span class='ocr_line' id='line_1_15' title="bbox 130 1623 1304 1693; baseline 0 -16"><span class='ocrx_word' id='word_1_113' title='bbox 130 1627 162 1677; x_wconf 93' lang='lat' dir='ltr'><strong>nt</strong></span> <span class='ocrx_word' id='word_1_114' title='bbox 179 1625 315 1678; x_wconf 86' lang='lat' dir='ltr'><strong>senectam</strong></span> <span class='ocrx_word' id='word_1_115' title='bbox 333 1623 427 1692; x_wconf 89' lang='lat' dir='ltr'><strong>pluma</strong></span> <span class='ocrx_word' id='word_1_116' title='bbox 445 1624 587 1692; x_wconf 85' lang='lat' dir='ltr'><strong>induxerit,</strong></span> <span class='ocrx_word' id='word_1_117' title='bbox 616 1642 646 1679; x_wconf 81' lang='lat' dir='ltr'><strong>ex</strong></span> <span class='ocrx_word' id='word_1_118' title='bbox 664 1625 769 1693; x_wconf 89' lang='lat' dir='ltr'><strong>poetica</strong></span> <span class='ocrx_word' id='word_1_119' title='bbox 787 1625 898 1687; x_wconf 88' lang='lat' dir='ltr'><strong>ratione,</strong></span> <span class='ocrx_word' id='word_1_120' title='bbox 930 1641 991 1679; x_wconf 92' lang='lat' dir='ltr'><strong>eum</strong></span> <span class='ocrx_word' id='word_1_121' title='bbox 1008 1624 1060 1692; x_wconf 86' lang='lat' dir='ltr'><strong>ipsi</strong></span> <span class='ocrx_word' id='word_1_122' title='bbox 1078 1624 1135 1678; x_wconf 89' lang='lat' dir='ltr'><strong>seni</strong></span> <span class='ocrx_word' id='word_1_123' title='bbox 1153 1625 1246 1693; x_wconf 87' lang='lat' dir='ltr'><strong>pluma</strong></span> <span class='ocrx_word' id='word_1_124' title='bbox 1263 1623 1304 1677; x_wconf 91' lang='lat' dir='ltr'><strong>in·</strong></span> 
     </span>
     <span class='ocr_line' id='line_1_16' title="bbox 130 1691 1305 1761; baseline -0.001 -16"><span class='ocrx_word' id='word_1_125' title='bbox 130 1691 287 1754; x_wconf 64' lang='lat' dir='ltr'><strong>decoratum</strong></span> <span class='ocrx_word' id='word_1_126' title='bbox 316 1700 454 1746; x_wconf 70' lang='lat' dir='ltr'><strong>cavantem</strong></span> <span class='ocrx_word' id='word_1_127' title='bbox 472 1723 483 1734; x_wconf 92' lang='lat'>·</span> <span class='ocrx_word' id='word_1_128' title='bbox 500 1726 510 1734; x_wconf 95' lang='lat'>-</span> <span class='ocrx_word' id='word_1_129' title='bbox 529 1693 692 1761; x_wconf 78' lang='lat' dir='ltr'><strong>linquentem</strong></span> <span class='ocrx_word' id='word_1_130' title='bbox 710 1720 721 1732; x_wconf 94' lang='lat'><em>·</em></span> <span class='ocrx_word' id='word_1_131' title='bbox 740 1721 752 1732; x_wconf 94' lang='lat'><em>·</em></span> <span class='ocrx_word' id='word_1_132' title='bbox 768 1700 933 1760; x_wconf 74' lang='lat' dir='ltr'><strong>sequentem:</strong></span> <span class='ocrx_word' id='word_1_133' title='bbox 963 1691 988 1746; x_wconf 89' lang='lat' dir='ltr'><strong>b.</strong></span> <span class='ocrx_word' id='word_1_134' title='bbox 1010 1708 1032 1745; x_wconf 93' lang='lat' dir='ltr'><strong>e.</strong></span> <span class='ocrx_word' id='word_1_135' title='bbox 1052 1692 1142 1746; x_wconf 87' lang='lat' dir='ltr'><strong>lerunt</strong></span> <span class='ocrx_word' id='word_1_136' title='bbox 1160 1708 1229 1754; x_wconf 86' lang='lat' dir='ltr'><strong>curn,</strong></span> <span class='ocrx_word' id='word_1_137' title='bbox 1250 1691 1305 1745; x_wconf 91' lang='lat' dir='ltr'><strong>iarn</strong></span> 
     </span>
     <span class='ocr_line' id='line_1_17' title="bbox 130 1759 1306 1829; baseline 0 -18"><span class='ocrx_word' id='word_1_138' title='bbox 130 1775 220 1812; x_wconf 87' lang='lat' dir='ltr'><strong>senem</strong></span> <span class='ocrx_word' id='word_1_139' title='bbox 251 1761 279 1811; x_wconf 88' lang='lat' dir='ltr'><strong>et</strong></span> <span class='ocrx_word' id='word_1_140' title='bbox 300 1775 405 1824; x_wconf 88' lang='lat' dir='ltr'><strong>eanum,</strong></span> <span class='ocrx_word' id='word_1_141' title='bbox 436 1760 577 1815; x_wconf 87' lang='lat' dir='ltr'><strong>inductum</strong></span> <span class='ocrx_word' id='word_1_142' title='bbox 607 1759 707 1828; x_wconf 86' lang='lat' dir='ltr'><strong>plumis</strong></span> <span class='ocrx_word' id='word_1_143' title='bbox 726 1759 854 1814; x_wconf 86' lang='lat' dir='ltr'><strong>evolasse.</strong></span> <span class='ocrx_word' id='word_1_144' title='bbox 889 1760 979 1813; x_wconf 87' lang='lat' dir='ltr'><strong>Minus</strong></span> <span class='ocrx_word' id='word_1_145' title='bbox 999 1759 1070 1813; x_wconf 90' lang='lat' dir='ltr'><strong>enim</strong></span> <span class='ocrx_word' id='word_1_146' title='bbox 1088 1759 1186 1829; x_wconf 87' lang='lat' dir='ltr'><strong>placet,</strong></span> <span class='ocrx_word' id='word_1_147' title='bbox 1219 1759 1252 1812; x_wconf 90' lang='lat' dir='ltr'><strong>ut</strong></span> <span class='ocrx_word' id='word_1_148' title='bbox 1268 1759 1306 1811; x_wconf 88' lang='lat' dir='ltr'><strong>sit</strong></span> 
     </span>
     <span class='ocr_line' id='line_1_18' title="bbox 130 1825 1307 1896; baseline 0.001 -18"><span class='ocrx_word' id='word_1_149' title='bbox 130 1825 303 1895; x_wconf 82' lang='lat' dir='ltr'><strong>simpliciter:</strong></span> <span class='ocrx_word' id='word_1_150' title='bbox 322 1828 441 1894; x_wconf 71' lang='lat' dir='ltr'><strong>domasse,</strong></span> <span class='ocrx_word' id='word_1_151' title='bbox 458 1828 553 1895; x_wconf 78' lang='lat' dir='ltr'><strong>egisse,</strong></span> <span class='ocrx_word' id='word_1_152' title='bbox 572 1843 632 1881; x_wconf 88' lang='lat' dir='ltr'><strong>cnm</strong></span> <span class='ocrx_word' id='word_1_153' title='bbox 650 1835 790 1892; x_wconf 68' lang='lat' dir='ltr'><strong>senectam,</strong></span> <span class='ocrx_word' id='word_1_154' title='bbox 809 1836 948 1881; x_wconf 83' lang='lat' dir='ltr'><strong>canentem</strong></span> <span class='ocrx_word' id='word_1_155' title='bbox 962 1828 1068 1896; x_wconf 84' lang='lat' dir='ltr'><strong>pluma,</strong></span> <span class='ocrx_word' id='word_1_156' title='bbox 1088 1827 1127 1880; x_wconf 88' lang='lat' dir='ltr'><strong>sic</strong></span> <span class='ocrx_word' id='word_1_157' title='bbox 1145 1828 1177 1880; x_wconf 87' lang='lat' dir='ltr'><strong>nt</strong></span> <span class='ocrx_word' id='word_1_158' title='bbox 1194 1825 1307 1879; x_wconf 86' lang='lat' dir='ltr'><strong>haberet</strong></span> 
     </span>
     <span class='ocr_line' id='line_1_19' title="bbox 129 1892 1305 1963; baseline 0.002 -17"><span class='ocrx_word' id='word_1_159' title='bbox 129 1893 236 1963; x_wconf 87' lang='lat' dir='ltr'><strong>plumas</strong></span> <span class='ocrx_word' id='word_1_160' title='bbox 265 1910 312 1962; x_wconf 91' lang='lat' dir='ltr'><strong>pro</strong></span> <span class='ocrx_word' id='word_1_161' title='bbox 342 1894 422 1956; x_wconf 87' lang='lat' dir='ltr'><strong>canis,</strong></span> <span class='ocrx_word' id='word_1_162' title='bbox 454 1895 481 1949; x_wconf 93' lang='lat' dir='ltr'><strong>h.</strong></span> <span class='ocrx_word' id='word_1_163' title='bbox 500 1912 523 1950; x_wconf 90' lang='lat' dir='ltr'><strong>e.</strong></span> <span class='ocrx_word' id='word_1_164' title='bbox 550 1894 578 1947; x_wconf 91' lang='lat' dir='ltr'><strong>in</strong></span> <span class='ocrx_word' id='word_1_165' title='bbox 597 1910 712 1963; x_wconf 83' lang='lat' dir='ltr'><strong>cygnum</strong></span> <span class='ocrx_word' id='word_1_166' title='bbox 730 1896 861 1949; x_wconf 88' lang='lat' dir='ltr'><strong>mutatus.</strong></span> <span class='ocrx_word' id='word_1_167' title='bbox 896 1895 935 1948; x_wconf 79' lang='lat' dir='ltr'><strong>Ex</strong></span> <span class='ocrx_word' id='word_1_168' title='bbox 954 1894 979 1948; x_wconf 88' lang='lat' dir='ltr'><strong>h.</strong></span> <span class='ocrx_word' id='word_1_169' title='bbox 998 1895 1016 1948; x_wconf 93' lang='lat' dir='ltr'><strong>l.</strong></span> <span class='ocrx_word' id='word_1_170' title='bbox 1034 1894 1145 1948; x_wconf 87' lang='lat' dir='ltr'><strong>ductum</strong></span> <span class='ocrx_word' id='word_1_171' title='bbox 1165 1893 1234 1947; x_wconf 90' lang='lat' dir='ltr'><strong>illud</strong></span> <span class='ocrx_word' id='word_1_172' title='bbox 1251 1892 1305 1948; x_wconf 86' lang='lat' dir='ltr'><strong>Ne·</strong></span> 
     </span>
     <span class='ocr_line' id='line_1_20' title="bbox 130 1960 1305 2081; baseline 0 -67"><span class='ocrx_word' id='word_1_173' title='bbox 130 1978 193 2015; x_wconf 78' lang='lat' dir='ltr'><strong>ntes.</strong></span> <span class='ocrx_word' id='word_1_174' title='bbox 253 1977 311 2028; x_wconf 86' lang='lat' dir='ltr'><strong>neg.</strong></span> <span class='ocrx_word' id='word_1_175' title='bbox 331 1966 371 2015; x_wconf 80' lang='lat'><strong>37.</strong></span> <span class='ocrx_word' id='word_1_176' title='bbox 402 1961 523 2030; x_wconf 47' lang='lat' dir='ltr'><strong>&amp;anam</strong></span> <span class='ocrx_word' id='word_1_177' title='bbox 570 1963 723 2081; x_wconf 58' lang='lat' dir='ltr'><strong>twnanuppe</strong></span> <span class='ocrx_word' id='word_1_178' title='bbox 752 1962 871 2041; x_wconf 78' lang='lat' dir='ltr'><strong>senilem,</strong></span> <span class='ocrx_word' id='word_1_179' title='bbox 901 1965 929 2016; x_wconf 89' lang='lat' dir='ltr'><strong>et</strong></span> <span class='ocrx_word' id='word_1_180' title='bbox 955 1961 1052 2015; x_wconf 85' lang='lat' dir='ltr'><strong>Claud.</strong></span> <span class='ocrx_word' id='word_1_181' title='bbox 1070 1961 1115 2041; x_wconf 68' lang='lat' dir='ltr'><strong>yI.</strong></span> <span class='ocrx_word' id='word_1_182' title='bbox 1136 1960 1215 2015; x_wconf 84' lang='lat' dir='ltr'><strong>Oons.</strong></span> <span class='ocrx_word' id='word_1_183' title='bbox 1235 1961 1305 2014; x_wconf 87' lang='lat' dir='ltr'><strong>Hon.</strong></span> 
     </span>
     <span class='ocr_line' id='line_1_21' title="bbox 131 1981 1304 2110; baseline -0.002 -29"><span class='ocrx_word' id='word_1_184' title='bbox 131 2031 186 2082; x_wconf 81' lang='lat'><strong>171.</strong></span> <span class='ocrx_word' id='word_1_185' title='bbox 240 2036 396 2097; x_wconf 71' lang='lat' dir='ltr'><strong>ataturnqm</strong></span> <span class='ocrx_word' id='word_1_186' title='bbox 412 2046 499 2083; x_wconf 83' lang='lat' dir='ltr'><strong>senem</strong></span> <span class='ocrx_word' id='word_1_187' title='bbox 510 1981 647 2110; x_wconf 64' lang='lat' dir='ltr'><strong>ptitms‘sf‘</strong></span> <span class='ocrx_word' id='word_1_188' title='bbox 708 2046 765 2098; x_wconf 66' lang='lat' dir='ltr'><strong>emt.</strong></span> <span class='ocrx_word' id='word_1_189' title='bbox 801 2028 1304 2097; x_wconf 74' lang='lat' dir='ltr'><strong>AhterBamn.‚qu1haecadnotat:</strong></span> 
     </span>
     <span class='ocr_line' id='line_1_22' title="bbox 130 2095 1304 2217; baseline 0.002 -71"><span class='ocrx_word' id='word_1_190' title='bbox 130 2095 293 2176; x_wconf 38' lang='lat' dir='ltr'><strong>‚placentem</strong></span> <span class='ocrx_word' id='word_1_191' title='bbox 314 2099 415 2175; x_wconf 81' lang='lat' dir='ltr'><strong>moesto</strong></span> <span class='ocrx_word' id='word_1_192' title='bbox 432 2113 518 2150; x_wconf 85' lang='lat' dir='ltr'><strong>amon</strong></span> <span class='ocrx_word' id='word_1_193' title='bbox 535 2097 624 2165; x_wconf 81' lang='lat' dir='ltr'><strong>iungit</strong></span> <span class='ocrx_word' id='word_1_194' title='bbox 643 2096 798 2217; x_wconf 60' lang='lat' dir='ltr'><strong>aptaxtpluia</strong></span> <span class='ocrx_word' id='word_1_195' title='bbox 816 2113 880 2165; x_wconf 89' lang='lat' dir='ltr'><strong>prae</strong></span> <span class='ocrx_word' id='word_1_196' title='bbox 899 2112 1017 2151; x_wconf 87' lang='lat' dir='ltr'><strong>moerore</strong></span> <span class='ocrx_word' id='word_1_197' title='bbox 1034 2098 1068 2175; x_wconf 42' lang='lat' dir='ltr'><strong>et·</strong></span> <span class='ocrx_word' id='word_1_198' title='bbox 1079 2112 1145 2151; x_wconf 86' lang='lat' dir='ltr'><strong>enta</strong></span> <span class='ocrx_word' id='word_1_199' title='bbox 1162 2112 1240 2164; x_wconf 87' lang='lat' dir='ltr'><strong>saepe</strong></span> <span class='ocrx_word' id='word_1_200' title='bbox 1255 2111 1304 2175; x_wconf 32' lang='lat' dir='ltr'><strong>‘ea-</strong></span> 
     </span>
     <span class='ocr_line' id='line_1_23' title="bbox 129 2143 1304 2228; baseline 0 -12"><span class='ocrx_word' id='word_1_201' title='bbox 129 2165 210 2216; x_wconf 88' lang='lat' dir='ltr'><strong>mtres</strong></span> <span class='ocrx_word' id='word_1_202' title='bbox 229 2162 405 2226; x_wconf 78' lang='lat' dir='ltr'><strong>contrahitur,</strong></span> <span class='ocrx_word' id='word_1_203' title='bbox 435 2167 466 2218; x_wconf 89' lang='lat' dir='ltr'><strong>ut</strong></span> <span class='ocrx_word' id='word_1_204' title='bbox 483 2181 513 2219; x_wconf 84' lang='lat' dir='ltr'><strong>ex</strong></span> <span class='ocrx_word' id='word_1_205' title='bbox 530 2164 640 2220; x_wconf 90' lang='lat' dir='ltr'><strong>Theocr.</strong></span> <span class='ocrx_word' id='word_1_206' title='bbox 673 2163 698 2216; x_wconf 87' lang='lat' dir='ltr'><strong>d.</strong></span> <span class='ocrx_word' id='word_1_207' title='bbox 773 2168 824 2228; x_wconf 81' lang='grc'><strong>,2.</strong></span> <span class='ocrx_word' id='word_1_208' title='bbox 844 2165 969 2218; x_wconf 87' lang='lat' dir='ltr'><strong>observat</strong></span> <span class='ocrx_word' id='word_1_209' title='bbox 987 2143 1098 2217; x_wconf 75' lang='lat' dir='ltr'><strong>Dormit.</strong></span> <span class='ocrx_word' id='word_1_210' title='bbox 1118 2166 1201 2218; x_wconf 81' lang='lat' dir='ltr'><strong>cett.“</strong></span> <span class='ocrx_word' id='word_1_211' title='bbox 1236 2164 1304 2217; x_wconf 75' lang='lat' dir='ltr'><strong>Sim·</strong></span> 
     </span>
     <span class='ocr_line' id='line_1_24' title="bbox 129 2229 1304 2310; baseline 0 -27"><span class='ocrx_word' id='word_1_212' title='bbox 129 2230 225 2310; x_wconf 88' lang='lat' dir='ltr'><strong>plieius</strong></span> <span class='ocrx_word' id='word_1_213' title='bbox 244 2236 334 2285; x_wconf 85' lang='lat' dir='ltr'><strong>autem</strong></span> <span class='ocrx_word' id='word_1_214' title='bbox 353 2233 485 2286; x_wconf 74' lang='lat' dir='ltr'><strong>atterius</strong></span> <span class='ocrx_word' id='word_1_215' title='bbox 503 2232 611 2301; x_wconf 85' lang='lat' dir='ltr'><strong>Wagn:</strong></span> <span class='ocrx_word' id='word_1_216' title='bbox 638 2230 724 2298; x_wconf 83' lang='lat' dir='ltr'><strong>„Quia</strong></span> <span class='ocrx_word' id='word_1_217' title='bbox 742 2248 818 2286; x_wconf 88' lang='lat' dir='ltr'><strong>senes</strong></span> <span class='ocrx_word' id='word_1_218' title='bbox 838 2232 900 2286; x_wconf 89' lang='lat' dir='ltr'><strong>albo</strong></span> <span class='ocrx_word' id='word_1_219' title='bbox 918 2234 983 2285; x_wconf 87' lang='lat' dir='ltr'><strong>sunt</strong></span> <span class='ocrx_word' id='word_1_220' title='bbox 1000 2231 1055 2284; x_wconf 85' lang='lat' dir='ltr'><strong>sive</strong></span> <span class='ocrx_word' id='word_1_221' title='bbox 1073 2247 1139 2284; x_wconf 90' lang='lat' dir='ltr'><strong>cano</strong></span> <span class='ocrx_word' id='word_1_222' title='bbox 1157 2230 1261 2299; x_wconf 89' lang='lat' dir='ltr'><strong>capillo,</strong></span> <span class='ocrx_word' id='word_1_223' title='bbox 1279 2229 1304 2284; x_wconf 88' lang='lat' dir='ltr'><strong>is</strong></span> 
     </span>
     <span class='ocr_line' id='line_1_25' title="bbox 129 2297 1305 2416; baseline -0.001 -65"><span class='ocrx_word' id='word_1_224' title='bbox 129 2315 186 2367; x_wconf 80' lang='lat' dir='ltr'><strong>spse</strong></span> <span class='ocrx_word' id='word_1_225' title='bbox 206 2298 279 2352; x_wconf 87' lang='lat' dir='ltr'><strong>color</strong></span> <span class='ocrx_word' id='word_1_226' title='bbox 296 2298 424 2353; x_wconf 86' lang='lat' dir='ltr'><strong>vocabulo</strong></span> <span class='ocrx_word' id='word_1_227' title='bbox 443 2302 566 2353; x_wconf 82' lang='lat' dir='ltr'><strong>senectae</strong></span> <span class='ocrx_word' id='word_1_228' title='bbox 590 2300 761 2352; x_wconf 80' lang='lat' dir='ltr'><strong>denotatur.“</strong></span> <span class='ocrx_word' id='word_1_229' title='bbox 796 2300 907 2352; x_wconf 70' lang='lat' dir='ltr'><strong>Dascem</strong></span> <span class='ocrx_word' id='word_1_230' title='bbox 926 2301 1019 2352; x_wconf 87' lang='lat' dir='ltr'><strong>autem</strong></span> <span class='ocrx_word' id='word_1_231' title='bbox 1035 2299 1146 2351; x_wconf 90' lang='lat' dir='ltr'><strong>verbum</strong></span> <span class='ocrx_word' id='word_1_232' title='bbox 1166 2297 1305 2416; x_wconf 87' lang='lat' dir='ltr'><strong>proprium</strong></span> 
     </span>
     <span class='ocr_line' id='line_1_26' title="bbox 129 2364 1303 2436; baseline -0.002 -15"><span class='ocrx_word' id='word_1_233' title='bbox 129 2368 171 2421; x_wconf 87' lang='lat' dir='ltr'><strong>cst</strong></span> <span class='ocrx_word' id='word_1_234' title='bbox 188 2364 221 2418; x_wconf 87' lang='lat' dir='ltr'><strong>de</strong></span> <span class='ocrx_word' id='word_1_235' title='bbox 258 2366 359 2420; x_wconf 85' lang='lat' dir='ltr'><strong>arsonis</strong></span> <span class='ocrx_word' id='word_1_236' title='bbox 379 2366 421 2420; x_wconf 82' lang='lat' dir='ltr'><strong>vel</strong></span> <span class='ocrx_word' id='word_1_237' title='bbox 440 2368 528 2428; x_wconf 86' lang='lat' dir='ltr'><strong>rebus,</strong></span> <span class='ocrx_word' id='word_1_238' title='bbox 559 2382 628 2436; x_wconf 90' lang='lat' dir='ltr'><strong>quac</strong></span> <span class='ocrx_word' id='word_1_239' title='bbox 647 2367 768 2419; x_wconf 90' lang='lat' dir='ltr'><strong>mutatae</strong></span> <span class='ocrx_word' id='word_1_240' title='bbox 787 2381 882 2419; x_wconf 87' lang='lat' dir='ltr'><strong>novam</strong></span> <span class='ocrx_word' id='word_1_241' title='bbox 902 2366 1026 2429; x_wconf 80' lang='lat' dir='ltr'><strong>formam,</strong></span> <span class='ocrx_word' id='word_1_242' title='bbox 1057 2381 1157 2417; x_wconf 89' lang='lat' dir='ltr'><strong>novom</strong></span> <span class='ocrx_word' id='word_1_243' title='bbox 1186 2380 1303 2419; x_wconf 89' lang='lat' dir='ltr'><strong>coorem</strong></span> 
     </span>
     <span class='ocr_line' id='line_1_27' title="bbox 129 2431 1302 2499; baseline -0.001 -12"><span class='ocrx_word' id='word_1_244' title='bbox 129 2436 180 2487; x_wconf 89' lang='lat' dir='ltr'><strong>ete.</strong></span> <span class='ocrx_word' id='word_1_245' title='bbox 200 2432 228 2484; x_wconf 91' lang='lat' dir='ltr'><strong>in</strong></span> <span class='ocrx_word' id='word_1_246' title='bbox 248 2436 323 2487; x_wconf 84' lang='lat' dir='ltr'><strong>nunt</strong></span> <span class='ocrx_word' id='word_1_247' title='bbox 360 2433 694 2496; x_wconf 67' lang='lat' dir='ltr'><strong>encaeniatum.</strong></span> <span class='ocrx_word' id='word_1_248' title='bbox 720 2435 850 2497; x_wconf 77' lang='lat' dir='ltr'><strong>sormam,</strong></span> <span class='ocrx_word' id='word_1_249' title='bbox 879 2432 942 2487; x_wconf 87' lang='lat' dir='ltr'><strong>ibid.</strong></span> <span class='ocrx_word' id='word_1_250' title='bbox 961 2431 1012 2492; x_wconf 83' lang='lat'>111,</span> <span class='ocrx_word' id='word_1_251' title='bbox 1033 2434 1092 2485; x_wconf 84' lang='grc'><strong>485.</strong></span> <span class='ocrx_word' id='word_1_252' title='bbox 1110 2434 1142 2485; x_wconf 88' lang='lat' dir='ltr'><strong>ut</strong></span> <span class='ocrx_word' id='word_1_253' title='bbox 1162 2447 1204 2499; x_wconf 86' lang='lat' dir='ltr'><strong>ap.</strong></span> <span class='ocrx_word' id='word_1_254' title='bbox 1223 2431 1302 2499; x_wconf 79' lang='lat' dir='ltr'><strong>Verg.</strong></span> 
     </span>
     <span class='ocr_line' id='line_1_28' title="bbox 129 2498 1303 2566; baseline -0.002 -13"><span class='ocrx_word' id='word_1_255' title='bbox 129 2500 185 2554; x_wconf 76' lang='lat' dir='ltr'><strong>uel.</strong></span> <span class='ocrx_word' id='word_1_256' title='bbox 204 2500 250 2564; x_wconf 84' lang='lat' dir='ltr'><strong>lx,</strong></span> <span class='ocrx_word' id='word_1_257' title='bbox 269 2504 309 2554; x_wconf 82' lang='grc'><strong>49.</strong></span> <span class='ocrx_word' id='word_1_258' title='bbox 329 2500 457 2566; x_wconf 83' lang='lat' dir='ltr'><strong>colorem,</strong></span> <span class='ocrx_word' id='word_1_259' title='bbox 490 2501 599 2566; x_wconf 85' lang='lat' dir='ltr'><strong>Quinct.</strong></span> <span class='ocrx_word' id='word_1_260' title='bbox 617 2501 640 2566; x_wconf 91' lang='lat'><strong>1,</strong></span> <span class='ocrx_word' id='word_1_261' title='bbox 659 2502 683 2562; x_wconf 81' lang='lat'><strong>2,</strong></span> <span class='ocrx_word' id='word_1_262' title='bbox 705 2502 742 2553; x_wconf 82' lang='lat' dir='ltr'><strong>ts.</strong></span> <span class='ocrx_word' id='word_1_263' title='bbox 760 2500 849 2564; x_wconf 70' lang='lat' dir='ltr'><strong>sitnm</strong></span> <span class='ocrx_word' id='word_1_264' title='bbox 879 2499 944 2553; x_wconf 89' lang='lat' dir='ltr'><strong>Hor.</strong></span> <span class='ocrx_word' id='word_1_265' title='bbox 963 2498 1013 2553; x_wconf 87' lang='lat' dir='ltr'><strong>od.</strong></span> <span class='ocrx_word' id='word_1_266' title='bbox 1033 2499 1080 2564; x_wconf 91' lang='lat' dir='ltr'><strong>IV,</strong></span> <span class='ocrx_word' id='word_1_267' title='bbox 1100 2502 1124 2562; x_wconf 83' lang='lat'><strong>2,</strong></span> <span class='ocrx_word' id='word_1_268' title='bbox 1144 2502 1186 2552; x_wconf 81' lang='lat'><strong>59.</strong></span> <span class='ocrx_word' id='word_1_269' title='bbox 1209 2505 1303 2552; x_wconf 87' lang='lat' dir='ltr'><strong>notam</strong></span> 
     </span>
     <span class='ocr_line' id='line_1_29' title="bbox 128 2565 1303 2623; baseline 0 -3"><span class='ocrx_word' id='word_1_270' title='bbox 128 2570 229 2621; x_wconf 75' lang='lat' dir='ltr'><strong>dstcsre</strong></span> <span class='ocrx_word' id='word_1_271' title='bbox 258 2570 285 2621; x_wconf 91' lang='lat' dir='ltr'><strong>et</strong></span> <span class='ocrx_word' id='word_1_272' title='bbox 315 2567 423 2623; x_wconf 88' lang='lat' dir='ltr'><strong>similia.</strong></span> <span class='ocrx_word' id='word_1_273' title='bbox 459 2569 584 2623; x_wconf 86' lang='lat' dir='ltr'><strong>Ceterum</strong></span> <span class='ocrx_word' id='word_1_274' title='bbox 602 2567 680 2623; x_wconf 86' lang='lat' dir='ltr'><strong>Ovid.</strong></span> <span class='ocrx_word' id='word_1_275' title='bbox 700 2567 764 2620; x_wconf 89' lang='lat' dir='ltr'><strong>Met.</strong></span> <span class='ocrx_word' id='word_1_276' title='bbox 783 2567 811 2620; x_wconf 92' lang='lat'><strong>11</strong></span> <span class='ocrx_word' id='word_1_277' title='bbox 840 2571 899 2621; x_wconf 81' lang='lat'><strong>372.</strong></span> <span class='ocrx_word' id='word_1_278' title='bbox 927 2566 992 2619; x_wconf 91' lang='lat' dir='ltr'><strong>haec</strong></span> <span class='ocrx_word' id='word_1_279' title='bbox 1010 2567 1092 2620; x_wconf 87' lang='lat' dir='ltr'><strong>verba</strong></span> <span class='ocrx_word' id='word_1_280' title='bbox 1110 2566 1149 2619; x_wconf 89' lang='lat' dir='ltr'><strong>sic</strong></span> <span class='ocrx_word' id='word_1_281' title='bbox 1166 2565 1303 2620; x_wconf 89' lang='lat' dir='ltr'><strong>imitatur:</strong></span> 
     </span>
     <span class='ocr_line' id='line_1_30' title="bbox 129 2608 1305 2704; baseline -0.003 -15"><span class='ocrx_word' id='word_1_282' title='bbox 129 2652 267 2703; x_wconf 76' lang='lat' dir='ltr'><strong>canaeque</strong></span> <span class='ocrx_word' id='word_1_283' title='bbox 296 2635 416 2704; x_wconf 80' lang='lat' dir='ltr'><strong>capillos</strong></span> <span class='ocrx_word' id='word_1_284' title='bbox 446 2635 633 2689; x_wconf 73' lang='lat' dir='ltr'><strong>Dessimatant</strong></span> <span class='ocrx_word' id='word_1_285' title='bbox 652 2635 773 2704; x_wconf 83' lang='lat' dir='ltr'><strong>plumae.</strong></span> <span class='ocrx_word' id='word_1_286' title='bbox 808 2608 922 2697; x_wconf 69' lang='lat' dir='ltr'><strong>i&#39;eerlk„</strong></span> <span class='ocrx_word' id='word_1_287' title='bbox 953 2649 1014 2687; x_wconf 89' lang='lat' dir='ltr'><strong>curn</strong></span> <span class='ocrx_word' id='word_1_288' title='bbox 1033 2650 1103 2687; x_wconf 89' lang='lat' dir='ltr'><strong>unus</strong></span> <span class='ocrx_word' id='word_1_289' title='bbox 1120 2632 1220 2688; x_wconf 85' lang='lat' dir='ltr'><strong>Iaeckii</strong></span> <span class='ocrx_word' id='word_1_290' title='bbox 1236 2633 1305 2688; x_wconf 88' lang='lat' dir='ltr'><strong>liber</strong></span> 
     </span>
     <span class='ocr_line' id='line_1_31' title="bbox 124 2701 1307 2773; baseline -0.002 -16"><span class='ocrx_word' id='word_1_291' title='bbox 124 2704 257 2773; x_wconf 78' lang='lat' dir='ltr'><strong>plantam.</strong></span> <span class='ocrx_word' id='word_1_292' title='bbox 276 2702 328 2756; x_wconf 90' lang='lat' dir='ltr'><strong>duo</strong></span> <span class='ocrx_word' id='word_1_293' title='bbox 348 2706 440 2758; x_wconf 90' lang='lat' dir='ltr'><strong>autem</strong></span> <span class='ocrx_word' id='word_1_294' title='bbox 459 2703 542 2758; x_wconf 84' lang='lat' dir='ltr'><strong>Codd.</strong></span> <span class='ocrx_word' id='word_1_295' title='bbox 561 2710 667 2757; x_wconf 77' lang='lat' dir='ltr'><strong>saccata</strong></span> <span class='ocrx_word' id='word_1_296' title='bbox 684 2702 835 2763; x_wconf 80' lang='lat' dir='ltr'><strong>exhibeant,</strong></span> <span class='ocrx_word' id='word_1_297' title='bbox 854 2703 921 2756; x_wconf 92' lang='lat' dir='ltr'><strong>coni.</strong></span> <span class='ocrx_word' id='word_1_298' title='bbox 935 2701 1070 2755; x_wconf 75' lang='lat' dir='ltr'><strong>Canctemt</strong></span> <span class='ocrx_word' id='word_1_299' title='bbox 1084 2701 1178 2756; x_wconf 86' lang='lat' dir='ltr'><strong>moltis</strong></span> <span class='ocrx_word' id='word_1_300' title='bbox 1195 2702 1307 2770; x_wconf 84' lang='lat' dir='ltr'><strong>ptumus</strong></span> 
     </span>
     <span class='ocr_line' id='line_1_32' title="bbox 128 2768 1305 2838; baseline -0.002 -14"><span class='ocrx_word' id='word_1_301' title='bbox 128 2771 238 2824; x_wconf 67' lang='lat' dir='ltr'><strong>deense</strong></span> <span class='ocrx_word' id='word_1_302' title='bbox 255 2778 370 2823; x_wconf 77' lang='lat' dir='ltr'><strong>sancta.</strong></span> <span class='ocrx_word' id='word_1_303' title='bbox 388 2801 421 2810; x_wconf 94' lang='lat'><strong>·-</strong></span> <span class='ocrx_word' id='word_1_304' title='bbox 442 2770 501 2832; x_wconf 84' lang='grc'><strong>193.</strong></span> <span class='ocrx_word' id='word_1_305' title='bbox 527 2770 602 2836; x_wconf 82' lang='lat' dir='ltr'><strong>Quod</strong></span> <span class='ocrx_word' id='word_1_306' title='bbox 622 2770 723 2824; x_wconf 86' lang='lat' dir='ltr'><strong>attinet</strong></span> <span class='ocrx_word' id='word_1_307' title='bbox 740 2768 775 2823; x_wconf 87' lang='lat' dir='ltr'><strong>ad</strong></span> <span class='ocrx_word' id='word_1_308' title='bbox 792 2770 867 2823; x_wconf 87' lang='lat' dir='ltr'><strong>Part.</strong></span> <span class='ocrx_word' id='word_1_309' title='bbox 887 2769 1065 2838; x_wconf 79' lang='lat' dir='ltr'><strong>Linqnentcm</strong></span> <span class='ocrx_word' id='word_1_310' title='bbox 1083 2796 1095 2809; x_wconf 93' lang='lat'><em>·</em></span> <span class='ocrx_word' id='word_1_311' title='bbox 1115 2797 1127 2808; x_wconf 94' lang='lat'><em>·</em></span> <span class='ocrx_word' id='word_1_312' title='bbox 1145 2776 1305 2838; x_wconf 72' lang='lat' dir='ltr'><strong>seqwnem,</strong></span> 
     </span>
     <span class='ocr_line' id='line_1_33' title="bbox 127 2835 1306 2959; baseline 0 -69"><span class='ocrx_word' id='word_1_313' title='bbox 127 2854 166 2959; x_wconf 54' lang='lat' dir='ltr'><strong>pp(</strong></span> <span class='ocrx_word' id='word_1_314' title='bbox 187 2838 386 2958; x_wconf 51' lang='lat' dir='ltr'><strong>prsoglnfitufflet</strong></span> <span class='ocrx_word' id='word_1_315' title='bbox 402 2838 545 2959; x_wconf 54' lang='lat' dir='ltr'><strong>liqutoet&#39;</strong></span> <span class='ocrx_word' id='word_1_316' title='bbox 563 2867 575 2878; x_wconf 93' lang='lat'>·</span> <span class='ocrx_word' id='word_1_317' title='bbox 592 2844 712 2891; x_wconf 76' lang='lat' dir='ltr'><strong>sentam</strong></span> <span class='ocrx_word' id='word_1_318' title='bbox 727 2853 788 2958; x_wconf 54' lang='lat' dir='ltr'><strong>pesp</strong></span> <span class='ocrx_word' id='word_1_319' title='bbox 806 2836 935 2957; x_wconf 56' lang='lat' dir='ltr'><strong>pidentm</strong></span> <span class='ocrx_word' id='word_1_320' title='bbox 950 2836 1040 2958; x_wconf 58' lang='lat' dir='ltr'><strong>pplsiiltp</strong></span> <span class='ocrx_word' id='word_1_321' title='bbox 1071 2836 1123 2958; x_wconf 50' lang='lat' dir='ltr'><strong>aa}</strong></span> <span class='ocrx_word' id='word_1_322' title='bbox 1143 2835 1250 2957; x_wconf 56' lang='lat' dir='ltr'><strong>adnpgp.</strong></span> <span class='ocrx_word' id='word_1_323' title='bbox 1270 2836 1306 2956; x_wconf 51' lang='lat' dir='ltr'><strong>at}</strong></span> 
     </span>
     <span class='ocr_line' id='line_1_34' title="bbox 126 2909 1305 3052; baseline -0.003 -27"><span class='ocrx_word' id='word_1_324' title='bbox 126 2943 233 3051; x_wconf 63' lang='lat' dir='ltr'><strong>Ititzen.</strong></span> <span class='ocrx_word' id='word_1_325' title='bbox 246 2947 269 3027; x_wconf 58' lang='lat'><strong>⁶1.</strong></span> <span class='ocrx_word' id='word_1_326' title='bbox 280 2922 307 3026; x_wconf 81' lang='lat' dir='ltr'><strong>el</strong></span> <span class='ocrx_word' id='word_1_327' title='bbox 325 2909 394 3041; x_wconf 42' lang='lat' dir='ltr'><strong>pstt.</strong></span> <span class='ocrx_word' id='word_1_328' title='bbox 417 2923 480 3052; x_wconf 56' lang='lat' dir='ltr'><strong>offic</strong></span> <span class='ocrx_word' id='word_1_329' title='bbox 507 2922 609 3027; x_wconf 55' lang='lat' dir='ltr'><strong>stiffi</strong></span> <span class='ocrx_word' id='word_1_330' title='bbox 617 2921 806 3052; x_wconf 49' lang='lat' dir='ltr'><strong>sinppppima</strong></span> <span class='ocrx_word' id='word_1_331' title='bbox 818 2921 932 3051; x_wconf 47' lang='lat' dir='ltr'><strong>§litterati</strong></span> <span class='ocrx_word' id='word_1_332' title='bbox 948 2921 1057 3051; x_wconf 62' lang='lat' dir='ltr'><strong>pristin</strong></span> <span class='ocrx_word' id='word_1_333' title='bbox 1076 2919 1207 3051; x_wconf 56' lang='lat' dir='ltr'><strong>intuitur,</strong></span> <span class='ocrx_word' id='word_1_334' title='bbox 1237 2920 1305 3050; x_wconf 61' lang='lat' dir='ltr'><strong>tuin</strong></span> 
     </span>
     <span class='ocr_line' id='line_1_35' title="bbox 127 3039 1307 3110; baseline 0 -19"><span class='ocrx_word' id='word_1_335' title='bbox 127 3039 226 3109; x_wconf 82' lang='lat' dir='ltr'><strong>lmqurt</strong></span> <span class='ocrx_word' id='word_1_336' title='bbox 243 3041 338 3104; x_wconf 78' lang='lat' dir='ltr'><strong>terras,</strong></span> <span class='ocrx_word' id='word_1_337' title='bbox 368 3039 447 3095; x_wconf 79' lang='lat' dir='ltr'><strong>dent</strong></span> <span class='ocrx_word' id='word_1_338' title='bbox 475 3057 513 3094; x_wconf 91' lang='lat' dir='ltr'><strong>ne</strong></span> <span class='ocrx_word' id='word_1_339' title='bbox 531 3040 619 3094; x_wconf 87' lang='lat' dir='ltr'><strong>sidera</strong></span> <span class='ocrx_word' id='word_1_340' title='bbox 636 3043 767 3110; x_wconf 86' lang='lat' dir='ltr'><strong>sequrtur,</strong></span> <span class='ocrx_word' id='word_1_341' title='bbox 797 3055 848 3092; x_wconf 92' lang='lat' dir='ltr'><strong>non</strong></span> <span class='ocrx_word' id='word_1_342' title='bbox 868 3040 954 3107; x_wconf 79' lang='lat' dir='ltr'><strong>video,</strong></span> <span class='ocrx_word' id='word_1_343' title='bbox 983 3055 1011 3092; x_wconf 93' lang='lat' dir='ltr'><strong>m</strong></span> <span class='ocrx_word' id='word_1_344' title='bbox 1029 3055 1081 3108; x_wconf 90' lang='lat' dir='ltr'><strong>quo</strong></span> <span class='ocrx_word' id='word_1_345' title='bbox 1099 3053 1155 3092; x_wconf 80' lang='lat' dir='ltr'><strong>eius</strong></span> <span class='ocrx_word' id='word_1_346' title='bbox 1172 3039 1307 3092; x_wconf 74' lang='lat' dir='ltr'><strong>sententia</strong></span> 
     </span>
     <span class='ocr_line' id='line_1_36' title="bbox 133 3104 1305 3172; baseline -0.002 -12"><span class='ocrx_word' id='word_1_347' title='bbox 133 3124 150 3160; x_wconf 92' lang='lat' dir='ltr'><strong>a</strong></span> <span class='ocrx_word' id='word_1_348' title='bbox 179 3110 273 3160; x_wconf 88' lang='lat' dir='ltr'><strong>nostra</strong></span> <span class='ocrx_word' id='word_1_349' title='bbox 300 3106 416 3162; x_wconf 82' lang='lat' dir='ltr'><strong>differat.</strong></span> <span class='ocrx_word' id='word_1_350' title='bbox 491 3109 561 3163; x_wconf 87' lang='lat' dir='ltr'><strong>otius</strong></span> <span class='ocrx_word' id='word_1_351' title='bbox 591 3107 664 3161; x_wconf 86' lang='lat' dir='ltr'><strong>haud</strong></span> <span class='ocrx_word' id='word_1_352' title='bbox 692 3107 772 3161; x_wconf 85' lang='lat' dir='ltr'><strong>dnbio</strong></span> <span class='ocrx_word' id='word_1_353' title='bbox 792 3106 912 3160; x_wconf 71' lang='lat' dir='ltr'><strong>Laden:</strong></span> <span class='ocrx_word' id='word_1_354' title='bbox 942 3106 1106 3172; x_wconf 66' lang='lat' dir='ltr'><strong>„Dedecet</strong></span> <span class='ocrx_word' id='word_1_355' title='bbox 1138 3106 1205 3158; x_wconf 84' lang='lat' dir='ltr'><strong>dass</strong></span> <span class='ocrx_word' id='word_1_356' title='bbox 1227 3104 1305 3172; x_wconf 74' lang='lat' dir='ltr'><strong>Verp.</strong></span> 
     </span>
     <span class='ocr_line' id='line_1_37' title="bbox 129 3171 1307 3243; baseline -0.003 -15"><span class='ocrx_word' id='word_1_357' title='bbox 129 3182 195 3228; x_wconf 67' lang='lat' dir='ltr'><strong>sust</strong></span> <span class='ocrx_word' id='word_1_358' title='bbox 222 3177 271 3227; x_wconf 86' lang='lat' dir='ltr'><strong>des</strong></span> <span class='ocrx_word' id='word_1_359' title='bbox 288 3175 345 3243; x_wconf 68' lang='lat' dir='ltr'><strong>Ins.</strong></span> <span class='ocrx_word' id='word_1_360' title='bbox 376 3176 427 3229; x_wconf 75' lang='lat' dir='ltr'><strong>(tie</strong></span> <span class='ocrx_word' id='word_1_361' title='bbox 441 3176 529 3229; x_wconf 84' lang='lat' dir='ltr'><strong>Partt.</strong></span> <span class='ocrx_word' id='word_1_362' title='bbox 560 3175 713 3243; x_wconf 71' lang='lat' dir='ltr'><strong>petronem,</strong></span> <span class='ocrx_word' id='word_1_363' title='bbox 746 3175 820 3228; x_wconf 80' lang='lat' dir='ltr'><strong>wira</strong></span> <span class='ocrx_word' id='word_1_364' title='bbox 848 3176 908 3228; x_wconf 86' lang='lat' dir='ltr'><strong>dem</strong></span> <span class='ocrx_word' id='word_1_365' title='bbox 931 3173 1050 3242; x_wconf 71' lang='lat' dir='ltr'><strong>chc&#39;t&#39;et</strong></span> <span class='ocrx_word' id='word_1_366' title='bbox 1079 3173 1248 3240; x_wconf 76' lang='lat' dir='ltr'><strong>torpebasqt,</strong></span> <span class='ocrx_word' id='word_1_367' title='bbox 1276 3171 1307 3224; x_wconf 79' lang='lat' dir='ltr'><strong>in</strong></span> 
     </span>
     <span class='ocr_line' id='line_1_38' title="bbox 130 3240 1353 3312; baseline -0.006 -18"><span class='ocrx_word' id='word_1_368' title='bbox 130 3243 275 3296; x_wconf 78' lang='lat' dir='ltr'><strong>wetsten</strong></span> <span class='ocrx_word' id='word_1_369' title='bbox 296 3241 381 3311; x_wconf 78' lang='lat' dir='ltr'><strong>Vopet</strong></span> <span class='ocrx_word' id='word_1_370' title='bbox 401 3242 506 3312; x_wconf 63' lang='lat' dir='ltr'><strong>Cynam</strong></span> <span class='ocrx_word' id='word_1_371' title='bbox 534 3242 701 3297; x_wconf 67' lang='lat' dir='ltr'><strong>onwandclt</strong></span> <span class='ocrx_word' id='word_1_372' title='bbox 728 3244 830 3304; x_wconf 73' lang='lat' dir='ltr'><strong>acarde,</strong></span> <span class='ocrx_word' id='word_1_373' title='bbox 861 3244 932 3295; x_wconf 82' lang='lat' dir='ltr'><strong>dena</strong></span> <span class='ocrx_word' id='word_1_374' title='bbox 963 3259 1018 3294; x_wconf 85' lang='lat' dir='ltr'><strong>nnn</strong></span> <span class='ocrx_word' id='word_1_375' title='bbox 1043 3240 1119 3294; x_wconf 75' lang='lat' dir='ltr'><strong>dieat</strong></span> <span class='ocrx_word' id='word_1_376' title='bbox 1134 3257 1158 3294; x_wconf 85' lang='lat' dir='ltr'><strong>a.</strong></span> <span class='ocrx_word' id='word_1_377' title='bbox 1180 3240 1238 3293; x_wconf 79' lang='lat'><em>193.</em></span> <span class='ocrx_word' id='word_1_378' title='bbox 1258 3256 1308 3292; x_wconf 79' lang='lat' dir='ltr'><strong>aar</strong></span> <span class='ocrx_word' id='word_1_379' title='bbox 1349 3279 1353 3287; x_wconf 79' lang='grc'>,</span> 
     </span>
     <span class='ocr_line' id='line_1_39' title="bbox 131 3307 1307 3378; baseline -0.002 -17"><span class='ocrx_word' id='word_1_380' title='bbox 131 3309 322 3377; x_wconf 75' lang='lat' dir='ltr'><strong>Bessictnanp</strong></span> <span class='ocrx_word' id='word_1_381' title='bbox 351 3313 401 3363; x_wconf 84' lang='lat' dir='ltr'><strong>der</strong></span> <span class='ocrx_word' id='word_1_382' title='bbox 432 3310 615 3378; x_wconf 73' lang='lat' dir='ltr'><strong>Eipenschaft</strong></span> <span class='ocrx_word' id='word_1_383' title='bbox 644 3311 691 3363; x_wconf 81' lang='lat' dir='ltr'><strong>des</strong></span> <span class='ocrx_word' id='word_1_384' title='bbox 715 3309 821 3377; x_wconf 63' lang='lat' dir='ltr'><strong>Veneta,</strong></span> <span class='ocrx_word' id='word_1_385' title='bbox 840 3317 871 3346; x_wconf 64' lang='lat' dir='ltr'>ss</span> <span class='ocrx_word' id='word_1_386' title='bbox 888 3309 949 3361; x_wconf 83' lang='lat' dir='ltr'><strong>alsa</strong></span> <span class='ocrx_word' id='word_1_387' title='bbox 978 3309 1007 3361; x_wconf 82' lang='lat' dir='ltr'><strong>in</strong></span> <span class='ocrx_word' id='word_1_388' title='bbox 1036 3309 1112 3361; x_wconf 75' lang='lat' dir='ltr'><strong>siam</strong></span> <span class='ocrx_word' id='word_1_389' title='bbox 1139 3307 1307 3360; x_wconf 81' lang='lat' dir='ltr'><strong>Schwan.“</strong></span> 
     </span>
     <span class='ocr_line' id='line_1_40' title="bbox 130 3373 1307 3445; baseline -0.003 -15"><span class='ocrx_word' id='word_1_390' title='bbox 130 3377 257 3431; x_wconf 86' lang='lat' dir='ltr'><strong>Ceterum</strong></span> <span class='ocrx_word' id='word_1_391' title='bbox 274 3392 335 3430; x_wconf 89' lang='lat' dir='ltr'><strong>cum</strong></span> <span class='ocrx_word' id='word_1_392' title='bbox 352 3378 441 3431; x_wconf 88' lang='lat' dir='ltr'><strong>verbis</strong></span> <span class='ocrx_word' id='word_1_393' title='bbox 465 3379 581 3431; x_wconf 79' lang='lat' dir='ltr'><strong>sidera</strong></span> <span class='ocrx_word' id='word_1_394' title='bbox 606 3395 684 3430; x_wconf 88' lang='lat' dir='ltr'><strong>voce</strong></span> <span class='ocrx_word' id='word_1_395' title='bbox 701 3383 886 3445; x_wconf 82' lang='lat' dir='ltr'><strong>sequentem</strong></span> <span class='ocrx_word' id='word_1_396' title='bbox 903 3376 936 3430; x_wconf 83' lang='lat' dir='ltr'><strong>ct</strong></span> <span class='ocrx_word' id='word_1_397' title='bbox 956 3377 979 3442; x_wconf 89' lang='lat' dir='ltr'><strong>l,</strong></span> <span class='ocrx_word' id='word_1_398' title='bbox 998 3378 1057 3430; x_wconf 81' lang='grc'><strong>406.</strong></span> <span class='ocrx_word' id='word_1_399' title='bbox 1077 3376 1105 3429; x_wconf 89' lang='lat' dir='ltr'><strong>et</strong></span> <span class='ocrx_word' id='word_1_400' title='bbox 1121 3374 1170 3442; x_wconf 80' lang='lat' dir='ltr'><strong>lx,</strong></span> <span class='ocrx_word' id='word_1_401' title='bbox 1190 3378 1228 3428; x_wconf 80' lang='lat'><strong>17.</strong></span> <span class='ocrx_word' id='word_1_402' title='bbox 1248 3373 1307 3442; x_wconf 89' lang='lat' dir='ltr'><strong>(nbi</strong></span> 
     </span>
     <span class='ocr_line' id='line_1_41' title="bbox 130 3441 1308 3579; baseline -0.004 -13"><span class='ocrx_word' id='word_1_403' title='bbox 130 3445 317 3566; x_wconf 53' lang='lat' dir='ltr'><strong>&#39;lttrt‘ttt</strong></span> <span class='ocrx_word' id='word_1_404' title='bbox 340 3445 523 3567; x_wconf 54' lang='lat' dir='ltr'><strong>itfftttt</strong></span> <span class='ocrx_word' id='word_1_405' title='bbox 543 3444 734 3578; x_wconf 49' lang='lat' dir='ltr'><strong>tubir‘t&#39;t&#39;ff</strong></span> <span class='ocrx_word' id='word_1_406' title='bbox 764 3444 823 3565; x_wconf 65' lang='lat' dir='ltr'><strong>titel</strong></span> <span class='ocrx_word' id='word_1_407' title='bbox 860 3442 1110 3572; x_wconf 49' lang='lat' dir='ltr'><strong>lbpgffioquppt</strong></span> <span class='ocrx_word' id='word_1_408' title='bbox 1127 3442 1201 3564; x_wconf 70' lang='lat' dir='ltr'><strong>ttt</strong></span> <span class='ocrx_word' id='word_1_409' title='bbox 1207 3441 1308 3579; x_wconf 60' lang='grc'><strong>111111</strong></span> 
     </span>
     <span class='ocr_line' id='line_1_42' title="bbox 131 3577 1306 3650; baseline 0 -18"><span class='ocrx_word' id='word_1_410' title='bbox 131 3579 252 3633; x_wconf 80' lang='lat' dir='ltr'><strong>modalis</strong></span> <span class='ocrx_word' id='word_1_411' title='bbox 276 3597 304 3632; x_wconf 89' lang='lat' dir='ltr'><strong>se</strong></span> <span class='ocrx_word' id='word_1_412' title='bbox 321 3581 463 3635; x_wconf 75' lang='lat' dir='ltr'><strong>mulcendo</strong></span> <span class='ocrx_word' id='word_1_413' title='bbox 483 3581 616 3642; x_wconf 77' lang='lat' dir='ltr'><strong>tteba‘ttbns</strong></span> <span class='ocrx_word' id='word_1_414' title='bbox 634 3580 765 3634; x_wconf 68' lang='lat' dir='ltr'><strong>atteram</strong></span> <span class='ocrx_word' id='word_1_415' title='bbox 784 3579 864 3634; x_wconf 82' lang='lat' dir='ltr'><strong>molti</strong></span> <span class='ocrx_word' id='word_1_416' title='bbox 878 3580 977 3650; x_wconf 79' lang='lat' dir='ltr'><strong>pluma</strong></span> <span class='ocrx_word' id='word_1_417' title='bbox 995 3586 1100 3634; x_wconf 75' lang='lat' dir='ltr'><strong>metare</strong></span> <span class='ocrx_word' id='word_1_418' title='bbox 1118 3577 1253 3632; x_wconf 57' lang='lat' dir='ltr'><strong>casmeta.</strong></span> <span class='ocrx_word' id='word_1_419' title='bbox 1274 3607 1306 3615; x_wconf 93' lang='lat'><em>-</em></span> 
     </span>
     <span class='ocr_line' id='line_1_43' title="bbox 132 3645 1307 3725; baseline -0.007 -20"><span class='ocrx_word' id='word_1_420' title='bbox 132 3646 194 3707; x_wconf 84' lang='grc'><strong>194.</strong></span> <span class='ocrx_word' id='word_1_421' title='bbox 225 3647 388 3716; x_wconf 69' lang='lat' dir='ltr'><strong>aequatas</strong></span> <span class='ocrx_word' id='word_1_422' title='bbox 406 3649 585 3702; x_wconf 81' lang='lat' dir='ltr'><strong>comitatus</strong></span> <span class='ocrx_word' id='word_1_423' title='bbox 602 3656 759 3701; x_wconf 84' lang='lat' dir='ltr'><strong>catervas</strong></span> <span class='ocrx_word' id='word_1_424' title='bbox 777 3646 882 3715; x_wconf 75' lang='lat' dir='ltr'><strong>Wagn,</strong></span> <span class='ocrx_word' id='word_1_425' title='bbox 912 3663 1071 3715; x_wconf 90' lang='lat' dir='ltr'><strong>comparans</strong></span> <span class='ocrx_word' id='word_1_426' title='bbox 1089 3662 1114 3725; x_wconf 55' lang='lat' dir='ltr'><strong>v:</strong></span> <span class='ocrx_word' id='word_1_427' title='bbox 1134 3647 1201 3709; x_wconf 71' lang='lat'>185„</span> <span class='ocrx_word' id='word_1_428' title='bbox 1222 3645 1307 3698; x_wconf 90' lang='lat' dir='ltr'><strong>inter-</strong></span> 
     </span>
     <span class='ocr_line' id='line_1_44' title="bbox 150 3713 1307 3781; baseline -0.001 -14"><span class='ocrx_word' id='word_1_429' title='bbox 150 3715 268 3768; x_wconf 88' lang='lat' dir='ltr'><strong>retatur:</strong></span> <span class='ocrx_word' id='word_1_430' title='bbox 301 3713 358 3778; x_wconf 82' lang='lat' dir='ltr'><strong>„Cu</strong></span> <span class='ocrx_word' id='word_1_431' title='bbox 378 3731 428 3768; x_wconf 84' lang='lat' dir='ltr'><strong>avo</strong></span> <span class='ocrx_word' id='word_1_432' title='bbox 452 3731 513 3770; x_wconf 91' lang='lat' dir='ltr'><strong>cum</strong></span> <span class='ocrx_word' id='word_1_433' title='bbox 531 3715 586 3769; x_wconf 88' lang='lat' dir='ltr'><strong>suis</strong></span> <span class='ocrx_word' id='word_1_434' title='bbox 605 3715 786 3779; x_wconf 79' lang='lat' dir='ltr'><strong>comitabatur</strong></span> <span class='ocrx_word' id='word_1_435' title='bbox 803 3718 925 3768; x_wconf 71' lang='lat' dir='ltr'><strong>catenas</strong></span> <span class='ocrx_word' id='word_1_436' title='bbox 943 3730 974 3769; x_wconf 91' lang='lat' dir='ltr'><strong>ae</strong></span> <span class='ocrx_word' id='word_1_437' title='bbox 994 3714 1077 3781; x_wconf 86' lang='lat' dir='ltr'><strong>uales,</strong></span> <span class='ocrx_word' id='word_1_438' title='bbox 1106 3729 1125 3766; x_wconf 92' lang='grc' dir='ltr'><strong>ι.</strong></span> <span class='ocrx_word' id='word_1_439' title='bbox 1144 3729 1166 3767; x_wconf 90' lang='lat' dir='ltr'><strong>e.</strong></span> <span class='ocrx_word' id='word_1_440' title='bbox 1185 3715 1307 3767; x_wconf 87' lang='lat' dir='ltr'><strong>catervas</strong></span> 
     </span>
     <span class='ocr_line' id='line_1_45' title="bbox 155 3780 1307 3852; baseline -0.002 -18"><span class='ocrx_word' id='word_1_441' title='bbox 155 3782 270 3850; x_wconf 73' lang='lat' dir='ltr'><strong>&#39;gutum</strong></span> <span class='ocrx_word' id='word_1_442' title='bbox 289 3782 347 3850; x_wconf 90' lang='lat' dir='ltr'><strong>ipse</strong></span> <span class='ocrx_word' id='word_1_443' title='bbox 387 3783 476 3851; x_wconf 82' lang='lat' dir='ltr'><strong>igur.“</strong></span> <span class='ocrx_word' id='word_1_444' title='bbox 512 3783 597 3852; x_wconf 83' lang='lat' dir='ltr'><strong>Heyn.</strong></span> <span class='ocrx_word' id='word_1_445' title='bbox 616 3782 649 3836; x_wconf 85' lang='lat' dir='ltr'><strong>de</strong></span> <span class='ocrx_word' id='word_1_446' title='bbox 667 3783 782 3852; x_wconf 86' lang='lat' dir='ltr'><strong>aequato</strong></span> <span class='ocrx_word' id='word_1_447' title='bbox 799 3798 911 3836; x_wconf 89' lang='lat' dir='ltr'><strong>numero</strong></span> <span class='ocrx_word' id='word_1_448' title='bbox 928 3798 958 3836; x_wconf 89' lang='lat' dir='ltr'><strong>eo</strong></span> <span class='ocrx_word' id='word_1_449' title='bbox 1018 3780 1248 3847; x_wconf 69' lang='lat' dir='ltr'><strong>t‚coll.v.182„</strong></span> <span class='ocrx_word' id='word_1_450' title='bbox 1275 3781 1307 3833; x_wconf 90' lang='lat' dir='ltr'><strong>nt</strong></span> 
     </span>
     <span class='ocr_line' id='line_1_46' title="bbox 132 3847 1308 3929; baseline 0 -27"><span class='ocrx_word' id='word_1_451' title='bbox 132 3849 170 3903; x_wconf 86' lang='lat' dir='ltr'><strong>sit</strong></span> <span class='ocrx_word' id='word_1_452' title='bbox 189 3849 206 3903; x_wconf 88' lang='lat' dir='ltr'><strong>i.</strong></span> <span class='ocrx_word' id='word_1_453' title='bbox 221 3866 246 3918; x_wconf 86' lang='lat' dir='ltr'><strong>q.</strong></span> <span class='ocrx_word' id='word_1_454' title='bbox 259 3849 327 3902; x_wconf 87' lang='lat' dir='ltr'><strong>alios</strong></span> <span class='ocrx_word' id='word_1_455' title='bbox 346 3853 491 3913; x_wconf 89' lang='lat' dir='ltr'><strong>trecentos;</strong></span> <span class='ocrx_word' id='word_1_456' title='bbox 510 3850 581 3919; x_wconf 86' lang='lat' dir='ltr'><strong>quod</strong></span> <span class='ocrx_word' id='word_1_457' title='bbox 598 3867 651 3903; x_wconf 91' lang='lat' dir='ltr'><strong>non</strong></span> <span class='ocrx_word' id='word_1_458' title='bbox 663 3850 750 3929; x_wconf 73' lang='lat' dir='ltr'><strong>magis</strong></span> <span class='ocrx_word' id='word_1_459' title='bbox 781 3849 870 3904; x_wconf 87' lang='lat' dir='ltr'><strong>robari</strong></span> <span class='ocrx_word' id='word_1_460' title='bbox 882 3852 981 3918; x_wconf 91' lang='lat' dir='ltr'><strong>potes,</strong></span> <span class='ocrx_word' id='word_1_461' title='bbox 1001 3866 1082 3918; x_wconf 89' lang='lat' dir='ltr'><strong>quam</strong></span> <span class='ocrx_word' id='word_1_462' title='bbox 1092 3848 1176 3902; x_wconf 83' lang='lat' dir='ltr'><strong>Servii</strong></span> <span class='ocrx_word' id='word_1_463' title='bbox 1194 3847 1308 3917; x_wconf 84' lang='lat' dir='ltr'><strong>explica·</strong></span> 
     </span>
     <span class='ocr_line' id='line_1_47' title="bbox 130 3866 1306 4036; baseline -0.002 -66"><span class='ocrx_word' id='word_1_464' title='bbox 130 3917 183 3970; x_wconf 88' lang='lat' dir='ltr'><strong>tio:</strong></span> <span class='ocrx_word' id='word_1_465' title='bbox 203 3917 336 3995; x_wconf 70' lang='lat' dir='ltr'><strong>catervas</strong></span> <span class='ocrx_word' id='word_1_466' title='bbox 355 3917 502 3987; x_wconf 83' lang='lat' dir='ltr'><strong>aequaliter</strong></span> <span class='ocrx_word' id='word_1_467' title='bbox 521 3934 568 3988; x_wconf 92' lang='lat' dir='ltr'><strong>per</strong></span> <span class='ocrx_word' id='word_1_468' title='bbox 587 3933 669 3972; x_wconf 82' lang='lat' dir='ltr'><strong>naves</strong></span> <span class='ocrx_word' id='word_1_469' title='bbox 687 3866 857 3996; x_wconf 68' lang='lat' dir='ltr'><strong>distntntas,</strong></span> <span class='ocrx_word' id='word_1_470' title='bbox 887 3919 936 3971; x_wconf 89' lang='lat' dir='ltr'><strong>aut</strong></span> <span class='ocrx_word' id='word_1_471' title='bbox 953 3916 1004 4036; x_wconf 79' lang='lat' dir='ltr'><strong>ipsi</strong></span> <span class='ocrx_word' id='word_1_472' title='bbox 1023 3916 1084 3970; x_wconf 88' lang='lat' dir='ltr'><strong>duci</strong></span> <span class='ocrx_word' id='word_1_473' title='bbox 1101 3915 1202 3970; x_wconf 82' lang='lat' dir='ltr'><strong>virtute</strong></span> <span class='ocrx_word' id='word_1_474' title='bbox 1214 3931 1306 3994; x_wconf 73' lang='lat' dir='ltr'><strong>¹pareas.</strong></span> 
     </span>
     <span class='ocr_line' id='line_1_48' title="bbox 131 3983 1308 4053; baseline -0.004 -15"><span class='ocrx_word' id='word_1_475' title='bbox 131 3983 243 4038; x_wconf 78' lang='lat' dir='ltr'><strong>Rectrm</strong></span> <span class='ocrx_word' id='word_1_476' title='bbox 261 3984 397 4037; x_wconf 85' lang='lat' dir='ltr'><strong>Donatus:</strong></span> <span class='ocrx_word' id='word_1_477' title='bbox 416 3985 541 4053; x_wconf 85' lang='lat' dir='ltr'><strong>aequales</strong></span> <span class='ocrx_word' id='word_1_478' title='bbox 559 3988 608 4040; x_wconf 87' lang='lat' dir='ltr'><strong>aut</strong></span> <span class='ocrx_word' id='word_1_479' title='bbox 625 3986 716 4039; x_wconf 85' lang='lat' dir='ltr'><strong>aetate</strong></span> <span class='ocrx_word' id='word_1_480' title='bbox 734 3987 775 4049; x_wconf 88' lang='lat' dir='ltr'><strong>(ut</strong></span> <span class='ocrx_word' id='word_1_481' title='bbox 793 3987 874 4038; x_wconf 76' lang='lat' dir='ltr'><strong>etiam</strong></span> <span class='ocrx_word' id='word_1_482' title='bbox 887 3983 966 4038; x_wconf 88' lang='lat' dir='ltr'><strong>Peerl</strong></span> <span class='ocrx_word' id='word_1_483' title='bbox 987 4025 1001 4047; x_wconf 91' lang='lat'><strong>.‚</strong></span> <span class='ocrx_word' id='word_1_484' title='bbox 1019 3983 1135 4049; x_wconf 69' lang='lat' dir='ltr'><strong>Laden„</strong></span> <span class='ocrx_word' id='word_1_485' title='bbox 1154 3983 1308 4050; x_wconf 79' lang='lat' dir='ltr'><strong>Conington</strong></span> 
     </span>
     <span class='ocr_line' id='line_1_49' title="bbox 132 4048 1306 4120; baseline -0.003 -15"><span class='ocrx_word' id='word_1_486' title='bbox 132 4054 160 4105; x_wconf 88' lang='lat' dir='ltr'><strong>et</strong></span> <span class='ocrx_word' id='word_1_487' title='bbox 178 4050 298 4104; x_wconf 90' lang='lat' dir='ltr'><strong>Benoist.</strong></span> <span class='ocrx_word' id='word_1_488' title='bbox 317 4050 552 4120; x_wconf 86' lang='lat' dir='ltr'><strong>interpretantur),</strong></span> <span class='ocrx_word' id='word_1_489' title='bbox 570 4055 619 4107; x_wconf 89' lang='lat' dir='ltr'><strong>aut</strong></span> <span class='ocrx_word' id='word_1_490' title='bbox 638 4068 774 4106; x_wconf 87' lang='lat' dir='ltr'><strong>armorum</strong></span> <span class='ocrx_word' id='word_1_491' title='bbox 792 4051 875 4111; x_wconf 82' lang='lat' dir='ltr'><strong>cultu.</strong></span> <span class='ocrx_word' id='word_1_492' title='bbox 905 4050 1008 4106; x_wconf 79' lang='lat' dir='ltr'><strong>Peerllc</strong></span> <span class='ocrx_word' id='word_1_493' title='bbox 1030 4053 1169 4119; x_wconf 84' lang='lat' dir='ltr'><strong>comparat</strong></span> <span class='ocrx_word' id='word_1_494' title='bbox 1186 4049 1247 4102; x_wconf 86' lang='lat' dir='ltr'><strong>Val.</strong></span> <span class='ocrx_word' id='word_1_495' title='bbox 1264 4048 1306 4101; x_wconf 71' lang='grc' dir='ltr'><strong>ΕΙ.</strong></span> 
     </span>
     <span class='ocr_line' id='line_1_50' title="bbox 132 4116 1307 4188; baseline -0.002 -19"><span class='ocrx_word' id='word_1_496' title='bbox 132 4118 182 4178; x_wconf 88' lang='lat' dir='ltr'><strong>Vl,</strong></span> <span class='ocrx_word' id='word_1_497' title='bbox 200 4123 270 4186; x_wconf 65' lang='grc'><strong>491,</strong></span> <span class='ocrx_word' id='word_1_498' title='bbox 289 4118 336 4172; x_wconf 86' lang='lat' dir='ltr'><strong>nbi</strong></span> <span class='ocrx_word' id='word_1_499' title='bbox 353 4119 480 4188; x_wconf 71' lang='lat' dir='ltr'><strong>maeatas</strong></span> <span class='ocrx_word' id='word_1_500' title='bbox 498 4127 608 4174; x_wconf 70' lang='lat' dir='ltr'><strong>camma</strong></span> <span class='ocrx_word' id='word_1_501' title='bbox 625 4121 717 4174; x_wconf 89' lang='lat' dir='ltr'><strong>eodem</strong></span> <span class='ocrx_word' id='word_1_502' title='bbox 738 4135 818 4173; x_wconf 82' lang='lat' dir='ltr'><strong>sensu</strong></span> <span class='ocrx_word' id='word_1_503' title='bbox 836 4119 944 4181; x_wconf 87' lang='lat' dir='ltr'><strong>dicitur,</strong></span> <span class='ocrx_word' id='word_1_504' title='bbox 964 4119 1116 4188; x_wconf 69' lang='lat' dir='ltr'><strong>Conington</strong></span> <span class='ocrx_word' id='word_1_505' title='bbox 1133 4118 1225 4171; x_wconf 86' lang='lat' dir='ltr'><strong>autem</strong></span> <span class='ocrx_word' id='word_1_506' title='bbox 1243 4116 1307 4170; x_wconf 89' lang='lat' dir='ltr'><strong>Gco.</strong></span> 
     </span>
     <span class='ocr_line' id='line_1_51' title="bbox 131 4185 1309 4258; baseline -0.005 -17"><span class='ocrx_word' id='word_1_507' title='bbox 131 4185 181 4251; x_wconf 88' lang='lat' dir='ltr'><strong>IV,</strong></span> <span class='ocrx_word' id='word_1_508' title='bbox 202 4189 259 4255; x_wconf 81' lang='lat'>460.</span> <span class='ocrx_word' id='word_1_509' title='bbox 279 4185 378 4239; x_wconf 71' lang='lat' dir='ltr'><strong>clamne</strong></span> <span class='ocrx_word' id='word_1_510' title='bbox 395 4187 520 4255; x_wconf 72' lang='lat' dir='ltr'><strong>aequatas</strong></span> <span class='ocrx_word' id='word_1_511' title='bbox 539 4189 695 4258; x_wconf 64' lang='lat' dir='ltr'><strong>ijadnm.</strong></span> <span class='ocrx_word' id='word_1_512' title='bbox 720 4217 745 4224; x_wconf 90' lang='lat'>-</span> <span class='ocrx_word' id='word_1_513' title='bbox 768 4186 828 4247; x_wconf 75' lang='lat'><strong>195·</strong></span> <span class='ocrx_word' id='word_1_514' title='bbox 849 4186 1051 4240; x_wconf 82' lang='lat' dir='ltr'><strong>Centaurum</strong></span> <span class='ocrx_word' id='word_1_515' title='bbox 1083 4200 1188 4245; x_wconf 82' lang='lat' dir='ltr'><strong>navem,</strong></span> <span class='ocrx_word' id='word_1_516' title='bbox 1207 4198 1309 4252; x_wconf 86' lang='lat' dir='ltr'><strong>quasa</strong></span> 
     </span>
     <span class='ocr_line' id='line_1_52' title="bbox 132 4227 1307 4321; baseline -0.005 -13"><span class='ocrx_word' id='word_1_517' title='bbox 132 4253 261 4308; x_wconf 84' lang='lat' dir='ltr'><strong>Centauri</strong></span> <span class='ocrx_word' id='word_1_518' title='bbox 279 4269 417 4321; x_wconf 84' lang='lat' dir='ltr'><strong>parasemo</strong></span> <span class='ocrx_word' id='word_1_519' title='bbox 440 4270 536 4308; x_wconf 90' lang='lat' dir='ltr'><strong>nomen</strong></span> <span class='ocrx_word' id='word_1_520' title='bbox 563 4254 654 4309; x_wconf 89' lang='lat' dir='ltr'><strong>habet.</strong></span> <span class='ocrx_word' id='word_1_521' title='bbox 690 4254 750 4307; x_wconf 88' lang='lat' dir='ltr'><strong>Vid.</strong></span> <span class='ocrx_word' id='word_1_522' title='bbox 770 4253 802 4317; x_wconf 90' lang='lat' dir='ltr'><strong>V,</strong></span> <span class='ocrx_word' id='word_1_523' title='bbox 826 4256 927 4308; x_wconf 75' lang='lat' dir='ltr'><strong>ltaet</strong></span> <span class='ocrx_word' id='word_1_524' title='bbox 948 4227 1256 4319; x_wconf 79' lang='lat' dir='ltr'><strong>155.coil.eu1nPr0p.</strong></span> <span class='ocrx_word' id='word_1_525' title='bbox 1276 4249 1307 4303; x_wconf 92' lang='lat' dir='ltr'><strong>V.</strong></span> 
     </span>
     <span class='ocr_line' id='line_1_53' title="bbox 133 4320 1308 4391; baseline -0.005 -17"><span class='ocrx_word' id='word_1_526' title='bbox 133 4320 204 4388; x_wconf 76' lang='lat' dir='ltr'>(IV.)</span> <span class='ocrx_word' id='word_1_527' title='bbox 218 4325 242 4385; x_wconf 87' lang='grc'><strong>6,</strong></span> <span class='ocrx_word' id='word_1_528' title='bbox 256 4324 298 4375; x_wconf 85' lang='grc'><strong>49.</strong></span> <span class='ocrx_word' id='word_1_529' title='bbox 320 4322 454 4390; x_wconf 78' lang='lat' dir='ltr'><strong>Quodque</strong></span> <span class='ocrx_word' id='word_1_530' title='bbox 471 4323 568 4374; x_wconf 82' lang='lat' dir='ltr'><strong>vetant</strong></span> <span class='ocrx_word' id='word_1_531' title='bbox 582 4340 688 4391; x_wconf 84' lang='lat' dir='ltr'><strong>prorae</strong></span> <span class='ocrx_word' id='word_1_532' title='bbox 700 4321 864 4374; x_wconf 68' lang='lat' dir='ltr'><strong>Centaurica</strong></span> <span class='ocrx_word' id='word_1_533' title='bbox 880 4339 950 4376; x_wconf 78' lang='lat' dir='ltr'><strong>sana</strong></span> <span class='ocrx_word' id='word_1_534' title='bbox 967 4322 1108 4374; x_wconf 66' lang='lat' dir='ltr'><strong>retinentes.</strong></span> <span class='ocrx_word' id='word_1_535' title='bbox 1128 4349 1160 4358; x_wconf 89' lang='lat'><em>-</em></span> <span class='ocrx_word' id='word_1_536' title='bbox 1178 4335 1308 4371; x_wconf 77' lang='lat' dir='ltr'><strong>sanam·</strong></span> 
     </span>
     <span class='ocr_line' id='line_1_54' title="bbox 131 4385 1308 4458; baseline -0.003 -17"><span class='ocrx_word' id='word_1_537' title='bbox 131 4407 196 4458; x_wconf 80' lang='lat' dir='ltr'><strong>qne</strong></span> <span class='ocrx_word' id='word_1_538' title='bbox 224 4388 326 4442; x_wconf 82' lang='lat' dir='ltr'><strong>andis</strong></span> <span class='ocrx_word' id='word_1_539' title='bbox 354 4389 487 4443; x_wconf 78' lang='lat' dir='ltr'><strong>inmane</strong></span> <span class='ocrx_word' id='word_1_540' title='bbox 515 4391 662 4442; x_wconf 82' lang='lat' dir='ltr'><strong>ntc&#39;natur</strong></span> <span class='ocrx_word' id='word_1_541' title='bbox 679 4390 801 4442; x_wconf 82' lang='lat' dir='ltr'><strong>Arduus.</strong></span> <span class='ocrx_word' id='word_1_542' title='bbox 838 4389 989 4444; x_wconf 81' lang='lat' dir='ltr'><strong>Centaurus</strong></span> <span class='ocrx_word' id='word_1_543' title='bbox 1020 4386 1059 4441; x_wconf 87' lang='lat' dir='ltr'><strong>ita</strong></span> <span class='ocrx_word' id='word_1_544' title='bbox 1088 4385 1212 4453; x_wconf 85' lang='lat' dir='ltr'><strong>sculptus</strong></span> <span class='ocrx_word' id='word_1_545' title='bbox 1240 4386 1308 4448; x_wconf 85' lang='lat' dir='ltr'><strong>erat,</strong></span> 
     </span>
     <span class='ocr_line' id='line_1_55' title="bbox 132 4451 1308 4526; baseline -0.003 -17"><span class='ocrx_word' id='word_1_546' title='bbox 132 4458 166 4509; x_wconf 88' lang='lat' dir='ltr'><strong>ut</strong></span> <span class='ocrx_word' id='word_1_547' title='bbox 195 4471 290 4509; x_wconf 83' lang='lat' dir='ltr'><strong>samm</strong></span> <span class='ocrx_word' id='word_1_548' title='bbox 318 4458 435 4526; x_wconf 88' lang='lat' dir='ltr'><strong>utraque</strong></span> <span class='ocrx_word' id='word_1_549' title='bbox 463 4472 545 4511; x_wconf 90' lang='lat' dir='ltr'><strong>manu</strong></span> <span class='ocrx_word' id='word_1_550' title='bbox 574 4456 630 4510; x_wconf 88' lang='lat' dir='ltr'><strong>alte</strong></span> <span class='ocrx_word' id='word_1_551' title='bbox 658 4456 797 4510; x_wconf 88' lang='lat' dir='ltr'><strong>sublatum</strong></span> <span class='ocrx_word' id='word_1_552' title='bbox 834 4456 984 4511; x_wconf 85' lang='lat' dir='ltr'><strong>reiecturus</strong></span> <span class='ocrx_word' id='word_1_553' title='bbox 1002 4456 1029 4507; x_wconf 93' lang='lat' dir='ltr'><strong>in</strong></span> <span class='ocrx_word' id='word_1_554' title='bbox 1048 4454 1146 4507; x_wconf 87' lang='lat' dir='ltr'><strong>finctus</strong></span> <span class='ocrx_word' id='word_1_555' title='bbox 1164 4451 1308 4506; x_wconf 85' lang='lat' dir='ltr'><strong>videretur.</strong></span> 
     </span>
     <span class='ocr_line' id='line_1_56' title="bbox 134 4519 1308 4594; baseline -0.004 -16"><span class='ocrx_word' id='word_1_556' title='bbox 134 4522 178 4578; x_wconf 87' lang='lat' dir='ltr'><strong>Sic</strong></span> <span class='ocrx_word' id='word_1_557' title='bbox 196 4522 291 4592; x_wconf 65' lang='lat' dir='ltr'><strong>Heyn„</strong></span> <span class='ocrx_word' id='word_1_558' title='bbox 309 4523 342 4576; x_wconf 86' lang='lat' dir='ltr'>W</span> <span class='ocrx_word' id='word_1_559' title='bbox 399 4526 452 4580; x_wconf 83' lang='lat' dir='ltr'><strong>‚et</strong></span> <span class='ocrx_word' id='word_1_560' title='bbox 469 4523 573 4578; x_wconf 88' lang='lat' dir='ltr'><strong>Ladew.</strong></span> <span class='ocrx_word' id='word_1_561' title='bbox 593 4522 751 4586; x_wconf 86' lang='lat' dir='ltr'><strong>rectissime,</strong></span> <span class='ocrx_word' id='word_1_562' title='bbox 775 4541 811 4594; x_wconf 90' lang='lat' dir='ltr'><strong>pu</strong></span> <span class='ocrx_word' id='word_1_563' title='bbox 842 4523 957 4591; x_wconf 88' lang='lat' dir='ltr'><strong>‚locum</strong></span> <span class='ocrx_word' id='word_1_564' title='bbox 974 4521 1060 4576; x_wconf 87' lang='lat' dir='ltr'><strong>intelli</strong></span> <span class='ocrx_word' id='word_1_565' title='bbox 1099 4523 1138 4587; x_wconf 89' lang='lat' dir='ltr'><strong>nt,</strong></span> <span class='ocrx_word' id='word_1_566' title='bbox 1157 4521 1185 4574; x_wconf 92' lang='lat' dir='ltr'><strong>et</strong></span> <span class='ocrx_word' id='word_1_567' title='bbox 1201 4519 1308 4574; x_wconf 80' lang='lat' dir='ltr'><strong>Laden.</strong></span> 
     </span>
     <span class='ocr_line' id='line_1_57' title="bbox 134 4540 1311 4668; baseline -0.004 -23"><span class='ocrx_word' id='word_1_568' title='bbox 134 4590 242 4660; x_wconf 84' lang='lat' dir='ltr'><strong>quidem</strong></span> <span class='ocrx_word' id='word_1_569' title='bbox 272 4540 508 4647; x_wconf 53' lang='lat' dir='ltr'><strong>matitianum</strong></span> <span class='ocrx_word' id='word_1_570' title='bbox 527 4589 615 4645; x_wconf 87' lang='lat' dir='ltr'><strong>locum</strong></span> <span class='ocrx_word' id='word_1_571' title='bbox 633 4590 743 4655; x_wconf 66' lang='lat' dir='ltr'><strong>sitiit,</strong></span> <span class='ocrx_word' id='word_1_572' title='bbox 766 4595 819 4646; x_wconf 84' lang='grc'><strong>135.</strong></span> <span class='ocrx_word' id='word_1_573' title='bbox 839 4592 872 4645; x_wconf 88' lang='lat' dir='ltr'><strong>de</strong></span> <span class='ocrx_word' id='word_1_574' title='bbox 891 4591 982 4659; x_wconf 81' lang='lat' dir='ltr'><strong>galea:</strong></span> <span class='ocrx_word' id='word_1_575' title='bbox 1010 4589 1064 4658; x_wconf 77' lang='lat' dir='ltr'><strong>Scy</strong></span> <span class='ocrx_word' id='word_1_576' title='bbox 1076 4588 1105 4641; x_wconf 90' lang='lat' dir='ltr'><strong>ta</strong></span> <span class='ocrx_word' id='word_1_577' title='bbox 1123 4604 1205 4658; x_wconf 73' lang='lat' dir='ltr'><strong>amer</strong></span> <span class='ocrx_word' id='word_1_578' title='bbox 1224 4587 1311 4668; x_wconf 62' lang='lat' dir='ltr'><strong>tracti</strong></span> 
     </span>
     <span class='ocr_line' id='line_1_58' title="bbox 133 4655 1308 4732; baseline -0.007 -16"><span class='ocrx_word' id='word_1_579' title='bbox 133 4666 315 4730; x_wconf 74' lang='lat' dir='ltr'><strong>eonwrpaem</strong></span> <span class='ocrx_word' id='word_1_580' title='bbox 337 4663 467 4732; x_wconf 81' lang='lat' dir='ltr'><strong>pondera</strong></span> <span class='ocrx_word' id='word_1_581' title='bbox 495 4659 564 4714; x_wconf 66' lang='lat' dir='ltr'><strong>rena</strong></span> <span class='ocrx_word' id='word_1_582' title='bbox 588 4659 713 4715; x_wconf 84' lang='lat' dir='ltr'><strong>Instatat</strong></span> <span class='ocrx_word' id='word_1_583' title='bbox 738 4675 889 4728; x_wconf 75' lang='lat' dir='ltr'><strong>saevosque</strong></span> <span class='ocrx_word' id='word_1_584' title='bbox 917 4675 1014 4712; x_wconf 85' lang='lat' dir='ltr'><strong>canam</strong></span> <span class='ocrx_word' id='word_1_585' title='bbox 1040 4656 1181 4726; x_wconf 66' lang='lat' dir='ltr'><strong>parmmat</strong></span> <span class='ocrx_word' id='word_1_586' title='bbox 1210 4655 1308 4711; x_wconf 77' lang='lat' dir='ltr'><strong>tauta.</strong></span> 
     </span>
    </p>
   </div>
   <div class='ocr_carea' id='block_1_4' title="bbox 0 0 1452 5070">
    <p class='ocr_par' dir='ltr' id='par_1_4' title="bbox 0 0 1452 5070">
     <span class='ocr_line' id='line_1_59' title="bbox 0 0 1452 5070; baseline 0 0"><span class='ocrx_word' id='word_1_587' title='bbox 0 0 1452 5070; x_wconf 95' lang='lat' dir='ltr'><strong> </strong></span> 
     </span>
    </p>
   </div>
  </div>
 </body>
</html>
