2872 5070
130 259 192 321 634
537 252 688 319 CULEX
713 274 744 314 v,
768 256 900 317 rr—ss.

134 417 377 504 Pellentemque
399 418 472 500 sibi,
493 418 594 483 viridi
617 441 687 482 eum
710 416 845 503 palmite
866 415 980 479 ludens
1010 430 1016 439 “

135 500 264 564 Tmolia
284 503 459 587 pampineo
483 501 593 567 subter
612 524 705 565 eoma
728 499 815 564 velat
837 500 965 563 amictu.

134 583 185 648 llli
207 593 281 646 sunt
302 596 417 667 gratae
439 595 588 649 rorantes
610 584 693 647 laete
715 605 754 647 ea
779 581 860 646 ellae

134 666 178 729 Et
198 688 311 730 nemus
334 676 365 730 et
385 666 525 731 fecunda
544 665 639 730 Pales
662 676 693 730 et
714 605 854 730 vallibus
875 665 962 729 intus

135 749 270 833 Semper
293 771 397 834 opaea
418 750 511 814 no'vis
532 752 698 814 manantia
718 747 863 813 fontibus
885 758 986 811 antra.

137 831 219 910 Quis
239 836 344 916 magis
365 841 477 917 optato
500 843 596 916 queat
618 854 689 896 esse
710 831 836 896 beatior
858 853 950 911 aevo,

135 914 242 994 Quam
265 916 319 1000 qui
341 925 447 978 mente
465 914 580 1001 procul
602 937 685 1001 pura
707 935 868 999 sensuque
913 911 1063 978 robando
1303 927 1334 977 tt

133 997 207 1061 Non
229 997 345 1062 avidas
368 997 526 1082 adgnovit
547 1020 565 1062 o
593 1021 626 1061 es
648 1020 709 1061 nee
729 999 837 1061 tristia
858 936 943 1060 bella

135 1080 203 1144 Nee
225 1080 354 1144 funesta
375 1083 469 1144 timet
491 1019 623 1146 validae
645 1081 823 1145 certamina
845 1077 969 1160 elassis,

135 1163 212 1243 Nec,
235 1163 345 1248 spoliis
368 1162 443 1226 dum
467 1175 579 1228 saneta
602 1162 697 1227 deum
719 1159 916 1247 fulgentibus
940 1171 1032 1226 ornet

135 1245 274 1330 Templa
294 1245 346 1309 vel
370 1256 501 1310 evectus
522 1245 617 1311 finem
639 1243 850 1310 transcendat
870 1243 1021 1325 habendi,

135 1327 319 1392 Adversum
342 1330 449 1394 saevis
471 1327 557 1394 ultro
578 1337 676 1415 caput
696 1326 843 1392 hostibus
866 1326 986 1392 offert?
1304 1343 1335 1392 85

135 1408 186 1473 llli
208 1410 292 1474 falce
315 1410 394 1474 deus
418 1411 543 1492 colitur,
562 1434 628 1476 non
650 1420 721 1475 arte
742 1409 871 1496 politus,

134 1491 193 1556 Ille
215 1491 291 1558 colit
311 1493 411 1573 lucos,
431 1493 480 1558 illi
500 1494 665 1559 Panchaia
688 1504 770 1574 tura,

135 1574 288 1640 Floribus
311 1588 456 1661 agrestes
479 1577 601 1641 herbae
623 1574 828 1641 variantibus
851 1574 984 1657 adsunt3

135 1657 185 1721 Illi
209 1658 311 1723 duleis
335 1660 428 1724 adest
451 1663 578 1745 requies
601 1669 633 1724 et
653 1681 738 1746 pura
759 1658 920 1743 voluptas,

136 1944 170 1995 ad
190 1942 273 1996 Lucil.
294 1943 371 1995 Aetn.
391 1944 441 2005 26,
459 1941 502 1994 hie
520 1956 537 1994 a
553 1940 658 2010 Silligio
676 1940 748 1994 laud.
768 1969 800 1979 -
820 1937 864 1998 74.
883 1939 1086 2002 Pallantem,
1116 1942 1258 2005 divitem,
1286 1961 1331 2014 pa·

136 2013 238 2063 teutern
260 2013 302 2076 (ut
320 2007 411 2062 Plaut.
429 2009 509 2078 Capt.
527 2008 562 2071 11,
584 2012 607 2070 2,
627 2011 667 2061 28.
687 2008 791 2061 etCiris
810 2024 835 2060 v.
852 2009 931 2070 tlt).
961 2038 988 2046 —
1020 2009 1091 2060 rili
1107 2009 1207 2090 Sillig.
1227 2028 1261 2066 ex
1281 2028 1330 2066 usu

138 2077 206 2129 satis
224 2080 287 2129 noto
306 2075 475 2129 abundanter
492 2075 625 2130 adiectum
645 2077 747 2135 censet,
779 2076 819 2128 ita
840 2077 944 2131 tamen.
971 2076 1003 2127 ut
1024 2075 1102 2130 notio
1130 2077 1206 2132 insit
1225 2097 1262 2133 esc
1278 2098 1328 2132 aare

135 2145 274 2205 antara,
293 2144 351 2197 coll.
370 2142 462 2196 adnot.
490 2159 540 2196 sua
557 2141 591 2196 ud
609 2142 709 2196 Catull.
734 2142 849 2205 XCVII,
868 2146 892 2194 3.
926 2142 1025 2195 Sensus
1052 2142 1226 2211 igiturest:
1257 2146 1327 2214 agri-

137 2211 196 2265 cola
213 2226 263 2265 sua
280 2213 351 2264 sorte
370 2212 521 2264 contentus.
546 2241 579 2249 -
602 2210 717 2262 viridi
738 2228 807 2263 eam
827 2208 967 2279 palmite
987 2212 1051 2263 ete:
1084 2212 1181 2266 Verba
1202 2213 1245 2267 sie
1265 2230 1326 2267 eon·

135 2282 222 2333 strue:
242 2297 320 2332 coma
336 2279 446 2332 Tmolia
464 2296 524 2331 eura
536 2277 652 2346 palmite
669 2277 758 2330 nirata·
773 2277 846 2331 velat
862 2294 921 2330 aum
936 2278 1027 2330 subter
1043 2278 1151 2333 uraietu
1164 2283 1323 2350 punrpiaao

136 2348 241 2410 tamna,
258 2345 276 2399 i.
295 2363 318 2400 e.
337 2346 457 2414 agricola
474 2345 550 2399 sedet
568 2345 618 2397 sub
639 2344 795 2398 umbraculo
815 2345 895 2398 viteo.
931 2345 1033 2412 Haupt.
1051 2345 1141 2401 edidit
1165 2348 1322 2412 achilam,

136 2413 450 2485 fortassereetius.‚1)o
468 2412 585 2466 Tmolia
601 2412 701 2465 ultibus
720 2411 754 2465 ef.
773 2411 879 2465 adnott.
897 2412 932 2464 ad
949 2411 1013 2465 Geo.
1031 2411 1067 2476 II,
1086 2416 1139 2479 98,
1156 2413 1194 2468 de
1213 2414 1319 2472 duobus

135 2485 226 2536 autem
244 2481 391 2535 Adiectivis
409 2479 456 2533 nni
475 2479 651 2534 substantivo
669 2478 781 2534 adiectis
799 2479 832 2532 ad
851 2479 916 2535 Aen.
935 2479 967 2541 V,
986 2482 1027 2532 24.
1046 2481 1074 2533 et
1093 2480 1130 2537 al.
1149 2480 1271 2536 butera
1286 2482 1318 2537 de

136 2551 215 2602 rebus
233 2553 314 2602 vento
332 2547 443 2616 agitatis
461 2547 563 2617 legitur
581 2547 662 2601 etiam
680 2546 749 2600 (liris
768 2563 791 2601 v.
814 2550 867 2599 143.
887 2549 914 2599 et
932 2546 967 2599 al.
996 2576 1029 2586 —
1054 2546 1103 2606 76.
1122 2548 1179 2602 Pro
1197 2559 1317 2618 pratae

136 2616 238 2670 Wakes.
256 2632 269 2669 e
290 2615 443 2670 coniectura
460 2631 657 2684 supervacanea
674 2614 761 2667 edidit
777 2632 890 2677 euacua,
914 2613 972 2667 ooll.
991 2613 1054 2668 Gen.
1072 2614 1115 2677 11,
1135 2619 1199 2671 624.
1218 2620 1247 2672 at
1264 2616 1313 2679 ΙΙΙ,

138 2687 194 2736 ΠΙ.
214 2683 531 2736 -roroateslaata
567 2681 940 2743 Vid.s‹1a0n.v111‚ars.
970 2713 1002 2720 -
1033 2680 1218 2741 77.Pales.
1255 2684 1312 2737 Vid.

136 2750 169 2803 ud
189 2750 244 2803 Eel.
264 2750 296 2810 V,
316 2753 356 2803 35.
376 2780 403 2787 --
424 2751 514 2804 intus
533 2767 591 2803 eum
611 2749 721 2817 Haupt..
738 2748 858 2816 Laden,
879 2749 955 2802 Ribb.
975 2753 1003 2802 et
1020 2749 1150 2804 Benoisto
1171 2768 1223 2821 pro
1239 2751 1311 2829 vulg.

136 2818 197 2870 r‘nrr'a
215 2834 244 2870 ox
263 2817 338 2871 bonis
358 2817 441 2871 Codd.
459 2818 616 2887 recepimus.
636 2846 665 2854 -
687 2815 730 2875 78.
751 2816 896 2885 Senapar,
916 2816 986 2885 quud
1005 2816 1119 2873 Tauhm.
1144 2836 1210 2874 eum
1227 2835 1309 2882 auara,

136 2886 221 2953 Heyn.
241 2887 332 2938 autem
351 2901 410 2937 oum
467 2904 520 2938 aaa
532 2883 745 2951 coniungendam
759 2887 846 2950 putat,
865 2884 950 2950 Sillig.
970 2884 1069 2938 rectius
1086 2900 1152 2940 oum
1170 2887 1311 2942 maeatis

135 2952 232 3020 iungit,
252 2955 284 3005 ut
304 2969 397 3005 sensus
415 2953 438 3005 si
458 2969 464 3004 ε
493 2953 558 3016 „dia
574 2959 637 3004 stata
658 2968 712 3003 aaa
726 2952 858 3015 frisatas
881 2953 990 3005 ll'uaear
1014 2953 1150 3007 densatas
1166 2953 1310 3009 Glrottau‘⁶

136 3021 256 3073 Manara
273 3023 363 3073 autem
383 3019 455 3073 haud
474 3037 532 3074 raro
550 3018 619 3073 idern
639 3034 709 3078 esse,
736 3018 806 3087 quod
825 3018 963 3072 madidum
989 3035 1046 3073 esse
1065 3021 1093 3073 et
1111 3037 1206 3076 rorare
1224 3021 1262 3077 ali
1280 3028 1310 3075 aa

135 3104 163 3141 ro
181 3087 223 3140 rel
242 3087 348 3141 stillare
366 3087 477 3158 aliquid,
497 3088 593 3141 docent
610 3085 661 3139 loci
680 3085 734 3139 Cio.
761 3086 818 3138 [liv.
838 3086 860 3153 Ι,
880 3091 919 3141 34.
955 3086 1030 3140 ond.
1049 3087 1114 3140 Her.
1134 3088 1174 3155 X,
1195 3094 1238 3144 55.
1257 3039 1308 3142 dn.

135 3155 156 3217 Ι,
176 3161 217 3209 59.
235 3155 303 3210 Pliu.
322 3155 395 3217 xlv.
415 3162 454 3221 20,
474 3160 514 3209 25.
532 3154 588 3207 alii.
607 3184 639 3191 -
656 3152 703 3213 80.
716 3153 802 3221 Sillig.
820 3170 849 3206 ex
868 3154 1019 3208 oouieotura
1037 3154 1126 3209 edidit
1143 3167 1232 3211 mara·
1246 3176 1309 3238 pro·

135 3224 180 3276 aul
198 3226 291 3284 (lura,
311 3240 371 3277 oum
389 3223 472 3277 Codd.
492 3222 609 3276 munium
628 3220 708 3275 lentio
725 3229 810 3274 mento
833 3222 936 3291 pracial
953 3240 1027 3290 pura
1049 3221 1118 3275 nihil
1135 3223 1214 3277 uliud
1232 3224 1309 3293 signi·

135 3291 214 3343 heare
233 3291 326 3359 possit,
345 3291 397 3343 nisi
416 3292 473 3345 sine
490 3293 581 3343 mente
599 3305 680 3356 pura,
712 3288 782 3358 quad
801 3289 835 3341 ab
853 3288 902 3341 hoe
928 3288 985 3341 loeo
1003 3289 1122 3342 alienum
1142 3291 1189 3345 sit.
1229 3294 1308 3361 Heyn.

134 3360 223 3410 tamen
237 3375 266 3410 ex
280 3358 351 3427 vulg.
357 3358 566 3426 leetione‚quaur
579 3374 640 3410 eum
653 3356 771 3425 Hauptio
785 3360 812 3409 et
825 3355 1018 3424 posterioribus
1028 3356 1106 3410 editt.
1114 3359 1238 3423 restitui,
1245 3359 1307 3413 haue

136 3424 296 3477 sententiam
319 3426 401 3479 eruit:
433 3425 514 3490 „dum
535 3424 628 3494 procul
646 3440 674 3477 se
692 3424 825 3484 eontinet,
845 3426 1013 3492 mentemque
1039 3440 1137 3492 puram
1156 3430 1186 3481 et
1204 3444 1307 3482 seusun

135 3492 310 3557 probandum,
330 3493 412 3546 animi
430 3492 597 3560 propositum
615 3493 717 3544 reatum
737 3493 835 3556 servat,
854 3507 906 3544 nou
925 3491 1035 3557 eguerit
1054 3508 1134 3560 opes,
1159 3510 1213 3548 non
1232 3512 1267 3564 ap

136 3558 200 3611 tit.“
220 3587 250 3595 -—
272 3558 315 3618 81.
334 3577 391 3612 nec
410 3561 525 3612 tristia
544 3577 593 3629 pro
610 3559 684 3638 vulg.
703 3577 757 3611 nou
777 3558 869 3611 tristia
886 3558 972 3626 Sillig.
996 3574 1026 3612 ex
1050 3559 1210 3616 melioribus
1229 3510 1308 3617 Call

137 3625 268 3689 restituit,
288 3642 366 3694 quern
386 3628 547 3695 posteriores
567 3630 652 3681 secuti
671 3628 743 3679 sunt.
775 3657 805 3663 --
837 3625 881 3686 83.
905 3626 1030 3696 spoliis
1052 3629 1154 3681 cluna·
1177 3656 1190 3670 ·
1209 3634 1306 3687 ornat,

91 3720 94 3727 ·
136 3708 166 3745 eo
185 3692 303 3755 consilio,
321 3697 353 3746 ut
371 3694 490 3748 hostium
501 3695 593 3762 spoliis
613 3694 717 3762 templa
728 3694 837 3748 deorum
851 3698 934 3748 ornet.
950 3726 981 3733 -
994 3693 1040 3754 84.
1059 3703 1204 3764 avectus,
1222 3696 1306 3752 elatus

125 3758 198 3834 ⁸(vid.
218 3759 291 3814 Cort.
311 3762 345 3814 ad
364 3761 418 3816 Cio,
436 3763 512 3815 Farn.
531 3762 576 3829 VI,
596 3767 619 3826 7,
639 3764 685 3824 5.l,
703 3763 806 3827 fiuent
822 3762 1031 3815 transcendit
1048 3763 1212 3832 trahendi,
1235 3765 1307 3837 plura

135 3826 219 3895 eupit,
238 3843 318 3894 quarn
337 3828 430 3893 debet3
449 3829 495 3896 iis,
515 3846 583 3899 quae
602 3829 636 3883 ad
655 3829 739 3883 vitam
759 3829 963 3883 sustentandum
982 3830 1134 3884 necessaria
1151 3835 1232 3897 sunt,
1257 3846 1306 3886 non

134 3901 176 3948 est
194 3896 344 3951 contentus.
363 3896 477 3965 ideoque
495 3898 522 3950 in
541 3898 611 3952 bello
630 3913 757 3966 magnam
775 3902 803 3951 et
819 3897 983 3950 luculentam
1003 3897 1109 3966 quaerit
1128 3900 1306 3968 praedam.—

135 3962 181 4021 86.
201 3964 296 4027 falce
311 3965 454 4032 politas.
489 3965 572 4024 Fata,
593 3982 660 4034 quae
679 3982 693 4018 o
714 3965 823 4033 ponitur
846 3966 913 4026 arti,
938 3981 985 4033 pro
1002 3965 1063 4019 rudi
1093 3966 1225 4037 scalpello
1241 3967 1307 4022 aori·

134 4030 240 4097 pianda,
260 4034 291 4083 ut
309 4031 380 4099 apud
399 4031 517 4087 Martial.
536 4032 582 4099 ul,
603 4038 642 4086 73.
709 4050 744 4086 aa
761 4033 840 4085 rudia
863 4034 977 4085 indocta
993 4034 1064 4099 feeit
1080 4051 1123 4087 ma
1139 4038 1219 4100 falas
1235 4034 1306 4089 colo·

134 4115 191 4151 arra.
211 4097 251 4150 Cf.
270 4098 352 4152 otiam
370 4098 439 4157 Plin.
454 4100 538 4164 XVII,
554 4105 593 4180 14,
608 4104 646 4153 24.
665 4101 740 4164 falae
758 4100 898 4167 loa-alpare
915 4108 1047 4155 annam.
1062 4131 1093 4139 -—
1110 4102 1158 4164 87.
1176 4101 1307 4173 Agrieolis

134 4164 232 4218 herbae
251 4164 375 4221 florentes
393 4168 461 4220 turis
499 4169 591 4222 retiosr
609 4168 694 4221 vieern
712 4168 856 4221 sustinent.
874 4198 907 4207 -
925 4168 1102 4223 Paaelal'a
1125 4179 1214 4226 tara.
1248 4169 1307 4224 nu.

134 4232 168 4286 ud
187 4232 250 4287 Geo.
268 4234 305 4296 ΙΙ,
327 4239 382 4289 139.
404 4236 463 4288 etl
493 4240 627 4301 ,379.·-
647 4237 693 4295 88.
711 4236 929 4289 variantibus
959 4252 1012 4289 non
1032 4236 1049 4289 i.
1070 4255 1095 4306 q.
1113 4238 1210 4299 variis,
1229 4237 1309 4292 versi·

134 4300 281 4368 coloribus,
300 4302 346 4357 sed
365 4301 519 4357 transitive:
543 4302 588 4371 qui
607 4303 714 4355 variant
732 4303 846 4363 herbas;
877 4307 909 4356 ut
927 4320 969 4372 ap.
989 4303 1067 4358 ond.
1085 4305 1162 4361 Fast.
1180 4306 1233 4373 ΙΙΙ,
1251 4310 1306 4359 tta.

133 4368 245 4436 [ortaque
262 4371 311 4423 aaa·
331 4371 484 4424 caeruleum
506 4371 653 4424 variabunt
681 4371 773 4439 (vulgo
803 4373 956 4435 vallabunt)
984 4372 1079 4426 saura
1108 4373 1222 4429 coelura.
1256 4372 1307 4427 Pro

135 4437 236 4489 astruat
257 4437 357 4506 Haupt.
384 4441 422 4503 (et
443 4454 504 4492 euru
530 4454 561 4491 eo
581 4438 719 4504 Ribbeck.)
743 4438 894 4504 elegantem
918 4454 981 4492 saue
1004 4441 1105 4509 recepit
1127 4442 1307 4496 coniecturam

134 4519 210 4556 sumn
233 4505 274 4556 ad
294 4513 347 4558 aut.
388 4506 439 4560 Sed
464 4511 558 4560 auctor
581 4506 701 4559 consulto
725 4507 830 4560 videtur
855 4507 964 4561 verbum
987 4509 1083 4562 adram
1104 4508 1148 4563 bis
1178 4508 1308 4579 posuisse

133 4569 223 4641 Etiam
281 4572 375 4628 enoist.
412 4573 493 4628 Codd.
530 4572 671 4627 lectionem
707 4575 827 4627 retinuit.
873 4574 913 4626 af.
948 4574 1020 4628 infra
1049 4592 1074 4629 v.
1108 4580 1164 4631 1⁴5.
1198 4607 1231 4615 —
1263 4576 1308 4638 89.

134 4637 176 4690 Cs.
206 4638 306 4691 similes
339 4643 488 4697 sententias
518 4643 553 4696 ab
584 4641 700 4698 Obburio
735 4642 768 4696 ad
798 4643 861 4695 Hor.
893 4642 941 4710 Ep.
971 4642 997 4705 Ι,
1031 4647 1075 4708 la,
1107 4646 1147 4699 18.
1180 4643 1243 4699 Vol.
1271 4643 1308 4699 II
