2872 5070
186 265 247 330 628
592 257 746 326 ciJLEx
767 280 798 321 v.
824 265 944 326 1-14.

270 426 434 506 Lusimus,
457 423 585 507 Octavi,
607 424 723 510 gracili
745 422 931 488 modulante
954 421 1071 486 Thalia

186 511 306 597 Atque,
329 514 365 572 ut
385 507 538 588 araneoli‚
562 517 688 571 tenuem
711 507 924 572 formavimus
944 528 1062 570 orsum.

186 594 357 657 Lusimus:
383 589 464 654 haee
486 602 621 688 propter
644 590 764 656 Culicis
787 592 852 655 sint
874 590 1018 653 carmina
1038 586 1135 665 dicta,

186 675 303 742 Omnis
326 684 358 739 et
380 672 536 738 historiae
559 697 617 759 per
638 673 749 738 ludum
771 683 925 739 consonet
946 671 1025 737 ordo

184 759 344 840 Notitiae3
368 756 485 821 ducam
506 779 613 839 voces,
636 756 712 821 licet
732 755 862 821 invidus
886 754 982 820 adsit.

186 841 342 928 Quisquis
364 840 427 904 erit
448 839 580 926 culpare
599 843 688 905 iocos
710 840 903 925 Musamque
925 846 1070 925 paratus,

184 923 337 990 Pondere
355 922 408 987 vel
429 923 551 990 Culicis
573 923 676 988 levior
699 922 852 1010 famaque
873 924 1006 985 seratur.

184 1008 352 1072 Posterius
397 1008 528 1070 raviore
550 1029 629 1071 sono
649 1006 710 1071 tibi
730 1006 826 1070 Musa
845 1004 994 1091 loquetur

185 1091 317 1172 Nostra,
340 1028 464 1154 dehent
485 1111 559 1154 cum
580 1099 723 1155 maturos
744 1088 823 1154 mihi
844 1098 995 1174 tempora
1015 1086 1149 1165 fructus,

186 1174 233 1240 Ut
255 1173 315 1238 tibi
339 1172 439 1258 digna
460 1183 514 1237 tuo
537 1173 701 1258 poliantur
722 1173 869 1238 carmina
890 1193 995 1235 sensu.
1342 1179 1372 1227 ¹⁰

268 1256 415 1320 Latonae
436 1260 610 1343 magnique
631 1256 720 1321 Iovis
743 1255 853 1337 decus,
875 1277 976 1318 aurea
1000 1251 1118 1338 proles,

185 1339 339 1404 Phoebus
362 1340 423 1403 erit
443 1342 547 1405 nostri
568 1342 721 1426 princeps
745 1350 777 1403 et
797 1339 950 1403 carminis
973 1346 1087 1403 auetot

186 1421 231 1488 Et
251 1431 424 1499 recanente
443 1421 516 1510 lyra
537 1423 654 1504 fautor,
678 1425 746 1487 sive
768 1421 887 1487 educat
907 1419 998 1484 illum

186 1507 278 1571 Arna
302 1504 494 1572 Chimaereo
515 1505 641 1571 Xanthi
662 1506 794 1592 perfusa
816 1504 942 1592 liquore

256 1757 281 1815 1.
299 1755 461 1810 Lacrimae.
497 1753 649 1823 Oppouitur
665 1754 781 1823 pravior
801 1770 884 1807 sonere
900 1768 924 1805 v.
945 1754 969 1806 8.
1003 1748 1129 1804 Ceterum
1148 1748 1183 1805 cl.
1202 1747 1316 1802 adnott.
1336 1747 1370 1802 ad

187 1825 246 1880 Ecl.
264 1825 286 1888 Ι,
304 1830 328 1879 9,
348 1854 380 1861 -
400 1822 527 1877 Octavi.
563 1821 650 1890 Vulgo
679 1821 748 1876 male
767 1819 930 1888 intelligitur
947 1817 1112 1872 Octavianus
1130 1817 1288 1884 Angustus,
1325 1817 1369 1886 qui

189 1910 219 1948 eo
236 1895 364 1971 tempore,
384 1906 436 1959 quo
451 1890 501 1943 hoc
519 1906 625 1968 carmen
644 1890 695 1969 scri
715 1892 773 1942 tum
791 1905 849 1943 esse
866 1889 997 1966 putatur&
1012 1900 1098 2005 neqqe
1117 1883 1261 1947 Oetaeae,
1285 1901 1369 1964 neque

187 1957 544 2081 metebant
561 1956 668 2094 siti
686 1907 822 2077 ieret
843 1955 977 2076 erra
990 1951 1277 2074 ”saram
1294 1968 1369 2074 issi

191 2092 333 2148 uetuere
350 2090 425 2146 roae.
444 2092 503 2145 Lat.
521 2091 581 2145 nen
600 2092 657 2145 uias
680 2108 707 2161 p.
729 2096 786 2144 na
803 2123 835 2131 -
861 2063 981 2142 'racia
1008 2089 1141 2142 Thalia.
1176 2086 1222 2140 cr.
1241 2087 1317 2142 ciris
1344 2104 1368 2140 v.

191 2166 233 2216 19.
251 2164 279 2216 et
297 2159 403 2213 adnott.
422 2159 456 2213 ad
475 2109 605 2214 eiorih
846 2107 873 2217 d
904 2157 980 2210 Hanc
1005 2155 1236 2235 comparationem
1254 2156 1292 2210 ab
1310 2171 1369 2209 are·

190 2245 256 2284 neae
283 2231 421 2282 texturam
441 2226 570 2279 ordientis
587 2229 686 2280 conatu
704 2226 821 2295 petitam
839 2226 895 2279 iure
913 2240 1022 2278 suavem
1040 2223 1145 2277 iudicat
1162 2222 1253 2292 Heyn.
1271 2255 1307 2263 —
1325 2231 1369 2277 te·

188 2313 280 2352 naam
312 2313 428 2350 orcam.
464 2293 525 2348 Vid.
557 2294 666 2348 Senten.
696 2294 730 2348 ad
752 2295 860 2348 Terent.
881 2293 966 2345 Maur.
994 2308 1021 2361 p.
1039 2295 1096 2346 318.
1115 2288 1267 2361 —3sqq.
1299 2293 1368 2345 etat

189 2381 239 2435 pro
259 2363 332 2432 vulg.
350 2371 412 2416 eunt
429 2362 456 2415 in
476 2361 598 2415 omnibus
611 2361 694 2415 Codd.
713 2363 769 2415 suis
786 2363 888 2415 invonit
905 2359 992 2428 Sillig.
1011 2358 1091 2427 idque
1108 2361 1181 2413 recte
1193 2360 1368 2414 retinuerunt

191 2433 355 2504 posteriores
385 2429 511 2484 editores.
546 2428 634 2508 Vulgo
652 2434 714 2498 post
732 2432 809 2483 dicto
824 2428 936 2487 Puncta
967 2429 1029 2496 post
1044 2427 1160 2480 notitiae
1177 2424 1325 2481 (lemmate
1341 2429 1368 2479 et

192 2503 254 2569 post
280 2516 361 2553 coeca
378 2497 443 2551 Colo
461 2497 676 2565 interpungrtur3
706 2514 755 2551 nes
778 2497 978 2550 distinctionem
995 2494 1100 2562 Silligio
1118 2510 1230 2548 suasore
1249 2494 1368 2548 hlutari-

190 2584 260 2630 mus,
280 2567 429 2636 quidmst,
448 2568 555 2632 poetam
574 2581 602 2618 se
622 2582 755 2629 excusare,
786 2564 857 2633 quod
875 2562 987 2617 carmini
1012 2578 1058 2615 suo
1075 2561 1158 2616 talem
1176 2562 1368 2631 praescriptio

190 2650 253 2687 nem
272 2633 449 2703 praemiserit,
468 2635 496 2686 et
513 2648 620 2686 sensum
639 2633 709 2685 hunc
727 2649 799 2687 esse:
822 2633 903 2701 „quia
920 2630 1043 2687 lusimus.
1061 2645 1169 2684 carmen
1186 2628 1312 2683 Culicem
1330 2629 1369 2682 di-

190 2701 290 2763 ximus,
307 2708 336 2752 at
355 2701 458 2754 scilicet
476 2702 562 2753 omnis
580 2703 651 2754 ordo
669 2700 800 2753 historiae
817 2718 869 2769 per
887 2701 981 2752 ladam
1000 2705 1126 2751 corseoaet
1143 2698 1304 2766 (conspiret)
1322 2715 1369 2750 ao·

191 2769 297 2832 tiliae,“
329 2784 409 2836 quam
436 2783 527 2821 vocem
545 2768 588 2821 hic
607 2785 654 2836 pro
672 2768 763 2831 titulo,
794 2767 968 2836 inscriptione
986 2766 1110 2820 carminis
1128 2763 1249 2834 positam
1267 2769 1368 2819 censet.

128 2892 132 2901 ,
191 2835 283 2890 Secuti
303 2838 367 2888 sunt
386 2836 547 2904 posteriores
564 2836 687 2889 editores.
707 2836 838 2889 —haec
863 2843 1016 2904 propter.
1053 2833 1112 2885 Vid.
1131 2831 1167 2886 ad
1184 2831 1251 2887 Geo.
1269 2832 1293 2896 Ι,
1314 2838 1368 2888 161.

190 2904 260 2957 Aen.
280 2904 303 2967 I,
325 2906 363 2955 13.
382 2906 422 2956 32.
442 2908 500 2955 667.
519 2906 569 2956 etc.
587 2903 678 2956 Heius.
697 2903 805 2956 coniicit
822 2902 950 2955 Lusitana
967 2903 1033 2955 llaec·
1047 2916 1176 2980 propere.
1189 2929 1222 2939 —
1241 2900 1273 2953 V.
1294 2901 1324 2959 4.
1343 2906 1369 2954 et

191 2970 218 3032 5.
241 2970 308 3025 mire
325 2970 432 3023 variant
450 2970 533 3023 Codd.
563 2971 619 3023 Nos
638 2971 724 3024 secuti
742 2987 833 3023 snmus
851 2970 994 3035 Silligium
1011 2970 1063 3022 nisi
1080 2967 1231 3036 quodcum
1248 2967 1369 3039 Hauptio

205 3039 281 3093 cuius
313 3037 427 3092 alteram
447 3038 591 3091 editionem
609 3054 679 3091 nunc
697 3038 813 3101 demunt,
845 3038 962 3090 Aeneide
979 3037 1032 3090 iam
1051 3037 1122 3102 t‘pis
1142 3036 1288 3104 exscripta,
1307 3053 1369 3091 eon·

206 3122 262 3160 erre
281 3105 347 3160 mihi
365 3105 460 3169 licuit),
479 3105 595 3170 Laden,
613 3106 691 3159 Itibb.
710 3108 738 3159 et
756 3105 881 3159 Benoisto
899 3122 946 3173 pro
966 3112 995 3157 at
1012 3053 1144 3157 edidimus
1160 3110 1194 3156 et.
1210 3133 1243 3142 -
1261 3105 1370 3158 tirte-

190 3175 224 3227 ri
229 3191 281 3235 ae,
301 3173 428 3227 carminis
446 3173 574 3226 historici.
586 3202 619 3211 —
637 3173 663 3233 5.
682 3176 799 3227 ‹trreom
815 3191 924 3237 voces,
942 3172 1081 3234 deducam,
1100 3186 1204 3225 canam.
1223 3170 1268 3225 Sic
1286 3173 1369 3226 etiam

194 3241 260 3295 Hor.
280 3245 312 3294 ll.
329 3240 360 3294 P.
379 3245 445 3308 318„
476 3241 521 3295 uhi
553 3240 606 3293 vid.
624 3240 712 3294 Bentl.
744 3239 804 3294 coll.
822 3241 918 3293 Markl.
948 3239 981 3293 ad
1001 3240 1071 3293 Stat.
1090 3239 1155 3293 silv.
1176 3236 1210 3302 V,
1230 3244 1256 3318 ³2
1275 3243 1319 3296 92.
1337 3270 1369 3279 -

191 3308 219 3369 7.
236 3309 289 3361 Pro
308 3308 380 3377 vulg.
399 3310 504 3375 [creor
522 3307 620 3387 Scalig.
639 3311 666 3362 et
684 3309 776 3362 Heius.
796 3307 894 3361 malint
904 3313 1029 3377 ser-ater,
1048 3306 1128 3376 idque
1146 3308 1178 3359 ut
1195 3310 1289 3375 aptius
1308 3324 1368 3362 cnm

191 3376 313 3443 Hauptio
331 3376 488 3443 recepimus.
515 3374 604 3429 Ceteri
622 3375 738 3429 editores
756 3374 896 3443 vulgatam
917 3374 1042 3428 retinent.
1061 3404 1094 3412 -
1110 3374 1138 3435 9.
1156 3374 1368 3435 detestato..

192 3443 215 3494 si
244 3442 310 3495 mihi
333 3446 422 3495 atem
443 3459 487 3496 ore
506 3453 586 3507 (nunc
603 3444 671 3496 enim
692 3442 754 3496 aliis
773 3444 887 3512 negotiis
905 3459 964 3495 sum
983 3441 1134 3501 districtus)
1153 3439 1274 3506 debitur,
1307 3459 1369 3496 con-

192 3508 301 3587 cedetur
319 3512 364 3574 (el.
383 3459 488 3562 Ruhnk.
506 3509 540 3563 ad
559 3510 652 3587 l'ellei.
671 3511 707 3576 11,
727 3515 749 3563 7.
768 3515 796 3563 et
811 3510 916 3564 adnott.
935 3510 969 3562 ad
987 3511 1052 3562 Aen.
1064 3508 1115 3572 ΙΙΙ,
1129 3510 1208 3570 itt),
1227 3511 1261 3562 ut
1277 3526 1368 3564 secure

191 3577 326 3629 fructibus
344 3577 483 3630 Musarum
513 3579 610 3644 potiar.
646 3578 685 3632 De
714 3579 848 3645 sraelitai
866 3577 1014 3630 limenun
1033 3576 1118 3645 Sillig.
1149 3575 1270 3630 conferri
1292 3578 1370 3631 iubet

192 3643 293 3697 Catull.
314 3643 394 3708 LXV,
413 3648 438 3698 3.
468 3644 529 3696 Nec
567 3646 631 3697 rotis
659 3653 697 3697 eat
714 3647 808 3699 (Iuleas
827 3645 974 3697 ellasar-am
994 3659 1151 3712 expromere
1165 3644 1262 3707 foetus
1279 3648 1308 3698 et
1325 3644 1369 3699 Iu-

194 3711 266 3764 eobs.
285 3711 312 3763 in
330 3711 399 3766 Bibl.
420 3711 542 3778 Gotting.
554 3662 602 3765 ht.
622 3716 650 3765 et
667 3716 718 3768 art.
738 3713 769 3766 X.
788 3729 814 3780 p.
834 3718 873 3767 or.
887 3742 920 3750 —
938 3719 1086 3764 tacturos
1102 3727 1149 3780 pro
1166 3709 1241 3778 vulg.
1259 3729 1370 3766 mor

607 2159 692 2212 eneid.
711 2174 735 2210 v.
757 2163 778 2211 i.
796 2188 829 2197 -

192 3777 299 3831 Heinsii
317 3782 358 3831 est
377 3779 538 3839 coniectura,
558 3796 637 3847 quam
657 3797 717 3833 cum
736 3780 865 3848 Hauptio,
887 3780 1003 3843 Ladew„
1022 3778 1099 3831 Itibb.
1118 3782 1146 3831 et
1163 3778 1295 3833 Benoieto
1311 3795 1370 3833 am·

210 3845 382 3911 lenientem,
402 3846 464 3898 duni
485 3845 572 3914 Sillig.
593 3848 730 3915 vulgatam
750 3848 874 3901 servavit.
894 3845 983 3905 -11.
1003 3845 1149 3899 Verborum
1167 3844 1291 3900 ordinem
1308 3864 1369 3901 euru

192 3863 297 3981 dilligio
317 3931 347 3965 ex
367 3914 444 3965 bonis
462 3913 545 3967 Codd.
567 3916 737 3968 mutavimus.
772 3915 860 3993 Vulgo
878 3916 1021 3982 propriique
1039 3916 1122 3966 cleeris
1139 3912 1222 3966 Iocis.
1254 3913 1370 3967 Videtur

192 3984 272 4102 poeta
290 3981 392 4033 imitari
409 3981 473 4033 Ges.
491 3981 537 4043 IV,
557 3987 598 4035 49.
634 3984 674 4036 Cf.
699 3983 779 4036 etiarn
801 3983 870 4035 Ciris
888 3997 912 4034 v.
930 3986 987 4035 397.
1006 4011 1039 4019 —
1058 3978 1091 4039 12
1109 3995 1166 4049 sqq.
1196 3979 1240 4034 Gi.
1260 3980 1370 4035 initium

218 4048 329 4102 uriliani
348 4048 482 4109 carminis,
502 4051 572 4116 quod
592 4051 680 4104 Aetna
698 4050 861 4103 inscribitur.
882 4081 914 4088 —
931 4055 1119 4113 recurrente,
1143 4045 1214 4116 quod
1233 4047 1289 4102 iani
1304 4048 1370 4103 Sca·

191 4116 240 4244 lig.
259 4133 308 4184 pro
328 4116 400 4183 vulg.
418 4118 552 4169 recinente
570 4135 584 4171 e
603 4117 685 4170 Codd.
704 4117 796 4186 reponi
812 4117 906 4177 voluit,
939 4133 999 4170 cum
1021 4115 1139 4184 Hanptio
1157 4115 1319 4183 recepimus.
1336 4145 1370 4154 -

192 4183 206 4242 1
230 4187 375 4236 educat
393 4201 440 4251 pro
458 4187 539 4244 tenet,
560 4185 650 4246 babet,
670 4188 700 4237 ut
720 4185 800 4238 etiam
820 4185 934 4245 iactr-irc,
956 4189 1077 4253 interne
1111 4180 1153 4235 (li.
1171 4183 1239 4236 hen.
1257 4183 1292 4248 X,
1311 4187 1370 4238 518.

191 4280 225 4288 —
244 4248 287 4308 14.
319 4252 417 4318 rigitur
447 4253 479 4304 de
508 4252 581 4315 loeis,
614 4269 681 4320 quae
698 4251 794 4319 Apollo
825 4251 988 4319 frequentat,
1017 4248 1135 4317 Xantho,
1167 4248 1235 4303 Delo
1255 4253 1284 4305 et
1302 4250 1370 4305 Par·

192 4333 279 4372 nasso.
315 4319 401 4387 Vulgo
421 4320 503 4372 Alma
522 4320 657 4386 ernthaa,
688 4323 717 4371 nt
746 4319 914 4386 intellitertiir
943 4320 1008 4371 urbs
1037 4317 1085 4371 illa
1113 4316 1219 4387 Lyciae,
1249 4317 1371 4386 Apollini

193 4400 277 4448 sacra,
306 4402 374 4454 quae
406 4386 484 4438 lluvio
512 4386 633 4440 ciusdem
660 4387 776 4440 nominis
808 4361 961 4446 abacelam
991 4384 1039 4438 sed
1070 4400 1252 4438 cumomnes
1283 4384 1369 4440 Codd.

191 4452 334 4507 exhibeant
362 4455 473 4518 hianti,
504 4454 599 4507 iluvius
631 4458 720 4507 autern
751 4455 793 4507 vix
822 4459 880 4507 tam
907 4453 978 4507 nude
1008 4454 1100 4520 liqrcor
1119 4450 1300 4506 Chimaer-ees
1317 4453 1371 4507 dici

210 4520 325 4585 otuerit,
362 4526 443 4591 atque
474 4521 581 4574 >inniti
614 4523 707 4590 liquor
736 4523 829 4576 redeat
861 4523 930 4574 inira
960 4537 984 4572 r.
1014 4524 1085 4583 306„
1120 4518 1196 4588 prius
1224 4534 1289 4574 cum
1318 4520 1371 4576 Sil·

191 4537 257 4706 la
274 4588 687 4726 lectisterniis
703 4588 998 4711 liiii-nlla
1019 4589 1144 4710 :tan
1160 4585 1370 4725 laetias
