2872 5070
543 249 658 316 CIBIS
682 273 712 316 v.
735 256 918 319 aas-351.
1253 257 1313 320 689

140 415 289 480 Flectere
311 452 348 462 -
370 415 428 480 sed
450 418 590 502 poteris3
614 416 693 515 quid
715 416 801 480 enim
821 439 885 480 nou
907 415 1003 480 unica
1025 414 1154 501 possis?
1177 452 1218 461 -

141 499 224 562 Tum
272 499 354 564 otius
378 510 487 564 tamen
507 499 580 582 ista,
602 522 658 587 pro
680 522 752 566 cum
776 500 846 564 iure
867 498 988 581 licebit,
1264 518 1312 568 335

140 582 222 648 cum
242 521 321 647 litati
345 604 476 647 causam
498 591 690 671 tempusque
713 582 833 648 doloris
855 581 1002 664 habebis,

139 664 222 728 Tum
244 667 352 751 potius
374 675 492 731 conata
513 676 569 731 tua
590 676 687 754 atque
709 668 840 753 incepta
861 667 998 747 referto,

139 747 192 810 Me
216 771 256 812 ue
279 747 357 813 deos
381 771 422 814 ue
444 748 504 814 tibi
525 751 667 827 comites,
689 772 762 815 mea
783 749 923 832 alumna,
944 750 1070 813 futuros

138 770 314 895 Polliceor:
336 833 367 895 n'
393 831 416 896 il
438 841 495 910 est,
518 832 604 920 quod
625 842 719 897 taxas
740 831 863 915 ordine,
884 831 1049 917 longum.“

221 913 283 978 His
305 913 360 978 ubi
384 914 540 980 sollicitos
561 916 661 979 animi
681 913 885 980 relevaverat
907 923 1017 980 aestus
1261 929 1311 979 340

138 995 282 1061 Vocibus
305 1005 338 1060 et
357 997 480 1062 blanda
525 1008 615 1063 ectus
638 1020 696 1085 spe
718 999 843 1063 vicerat
865 1020 1009 1084 aegrum,

139 1078 312 1144 Paullatim
334 1021 548 1146 tremebunda
570 1083 660 1166 genis
684 1079 845 1146 obducere
866 1091 989 1146 vestem

138 1161 284 1248 Virginis
308 1173 339 1227 et
361 1163 526 1250 placidam
546 1164 689 1229 tenebris
712 1173 845 1250 captare
868 1165 1019 1252 quietem,

137 1245 271 1310 Inversa
293 1246 440 1311 bibulum
460 1249 666 1333 restinguens
688 1246 796 1312 lumen
820 1248 916 1330 olivo,

136 1326 257 1414 Incipit
280 1329 322 1393 ad
345 1330 542 1415 crebrosque
561 1333 668 1395 lusani
689 1332 832 1417 pectoris
854 1333 938 1397 ictus
1262 1352 1310 1400 345

137 1411 239 1475 Ferre
261 1435 401 1495 manum,
424 1413 571 1479 adsiduis
593 1413 737 1478 mulcens
762 1413 956 1500 praecordia
979 1413 1107 1500 palmis.

137 1493 270 1558 Noctem
293 1494 381 1559 illam
405 1498 452 1560 sie
474 1508 599 1560 maesta
622 1520 718 1582 super
742 1499 910 1561 morientis
932 1496 1083 1561 alumnae

136 1577 325 1661 Frigidulos
348 1579 457 1644 cubito
480 1580 620 1644 subnixa
643 1579 799 1666 pependit
821 1579 950 1644 ocellos.

136 1660 272 1724 Postera
294 1661 349 1724 lux
371 1661 427 1726 ubi
449 1661 536 1727 laeta
557 1663 642 1727 diem
664 1662 856 1727 mortalibus
880 1661 999 1728 almum

135 1741 180 1805 Et
201 1742 310 1826 gelida
332 1746 514 1809 venientem
535 1747 645 1831 ignem
666 1744 834 1830 quatiebat
856 1746 898 1810 ab
921 1746 1015 1828 Oeta,
1262 1767 1311 1816 350

137 1823 241 1903 Quem
265 1828 406 1912 pavidae
428 1826 562 1893 alternis
583 1829 725 1915 fugitant
746 1838 922 1915 optantque
946 1829 1074 1916 puellae
1097 1860 1138 1870 -

137 2075 181 2144 (of.
195 2093 218 2130 v.
233 2081 281 2131 355
294 2079 363 2147 sqq.)
381 2079 492 2132 conetur
509 2080 537 2132 33
554 2094 584 2132 er
605 2078 715 2142 oriatur,
735 2078 831 2147 quibus
848 2081 955 2148 patrem
973 2077 1007 2131 33
1026 2094 1119 2148 pacem
1143 2078 1310 2137 cum‘Minoe

136 2143 280 2199 ineundam
298 2146 404 2199 flectere
438 2144 514 2200 33333.
533 2177 565 2184 -
584 2094 647 2206 334.
667 2147 783 2213 unica,
808 2163 868 2199 curu
886 2146 924 2200 sis
941 2145 1022 2200 unica
1039 2146 1101 2200 tilia.
1126 2177 1152 2186 ·
1173 2146 1238 2209 335.
1257 2148 1310 2203 Pro

137 2211 388 2334 golgdipgmquffid
421 2213 468 2334 1116
484 2253 490 2267 .
509 2214 630 2333 retlinpit
650 2214 854 2335 3303333ῒ1111333333ε
861 2217 889 2268 33
906 2212 1204 2335 posterioribusdegitb
1222 2217 1311 2335 rectepi

135 2296 196 2401 ..33
215 2296 285 2409 33·
299 2297 352 2401 lt.
371 2297 598 2416 ultast...
607 2296 989 2416 3333333333331
996 2283 1310 2405 ciuitatium

135 2431 195 2467 cam
213 2418 341 2483 sequente
360 2414 445 2468 Indic.
463 2415 558 2468 Futuri
578 2415 746 2481 continuata)
762 2418 803 2484 pi
808 2436 824 2470 0
843 2417 917 2469 iare
935 2416 1065 2479 licebit,
1082 2416 1106 2469 si
1118 2432 1215 2483 parens
1227 2433 1310 2485 nega·

135 2482 205 2535 verit
223 2482 424 2536 matrimonium
443 2498 504 2535 cum
522 2481 613 2536 133333
631 2482 785 2536 ineundum.
805 2514 838 2522 -
855 2483 920 2543 333.
941 2491 1066 2551 tempus
1083 2483 1232 2549 doloris,
1252 2485 1310 2538 3331.

134 2549 246 2614 iustum,
268 2550 375 2618 negatis
399 2566 416 2602 a
458 2553 516 2603 atre
533 2549 642 2617 nuptiis.
663 2579 697 2587 -
715 2547 779 2610 337.
800 2556 923 2602 conata
940 2578 952 2589 ·
970 2578 981 2588 -
1001 2551 1149 2616 referto,
1168 2551 1310 2606 consilium

134 2616 272 2671 resecandi
290 2615 381 2685 capilli
396 2567 480 2695 palrii
498 2631 600 2684 revoca,
619 2619 719 2685 repete.
754 2617 872 2682 Referre
894 2632 942 2684 pro
968 2619 1088 2686 repetere
1107 2617 1209 2686 legitur
1227 2618 1309 2674 ctiam

133 2685 201 2737 Aen.
220 2685 252 2747 V,
272 2687 338 2748 598,
357 2684 474 2738 313333.
493 2683 597 2738 adnott.
616 2715 648 2722 -
666 2683 730 2745 333.
749 2684 824 2737 Nihil
843 2686 885 2738 est
902 2684 1021 2752 longum,
1042 2684 1113 2754 quod
1132 2685 1225 2741 ordine
1242 2688 1309 2740 texi·

134 2755 181 2805 tur
208 2755 236 2805 et
265 2751 413 2820 suscipitur
443 2752 476 2805 ab
505 2750 667 2806 homiuibus.
707 2751 793 2804 Silli.
820 2751 871 2805 hoc
892 2751 982 2821 ipsum
1010 2754 1109 2805 3333033·
1138 2753 1308 2808 scribendum

134 2819 377 2940 ⁸u⁸li⁰⁸i1udr²t⁰2⁰m
390 2818 474 2939 ttiodd.
487 2818 748 2946 Ξῖιό333333333333.
760 2769 896 2940 {liabeo-ir,
909 2835 994 2940 queurrt
1000 2819 1119 2943 Bebngiist.
1133 2821 1264 2942 sequgtun
1278 2839 1308 2876 ex

134 2903 236 2941 conte
285 2904 293 2939 r
336 2904 416 2940 3333.
441 2917 464 2924 -<
550 2903 911 2950 ‚arzcmsacsoane
953 2903 1309 2944 euraonesveemen·

134 2953 224 3007 tiores.
265 2954 308 3009 Sic
326 2953 419 3009 Claud.
441 2954 479 3009 IV
481 2995 488 3007 .
507 2953 587 3008 Cous.
605 2955 673 3008 Hon.
691 2959 749 3010 226.
773 2955 891 3008 incertos
914 2904 1002 3009 adimi
1035 2957 1159 3010 ococera't
1175 2964 1264 3010 ocatur
1281 2960 1309 3010 33

133 3022 313 3076 1333331.
336 3028 357 3078 1.
377 3023 427 3076 τὸν
447 3028 494 3089 τῆς
512 3032 553 3089 pv
573 3028 604 3088 ῆς
622 3022 716 3076 σάλον.
751 3022 792 3076 Cf.
813 3023 896 3076 etiam
914 3022 976 3076 Hor.
1016 3023 1307 3102 p.1‚2,8.11‚2,47.

133 3089 212 3143 Lucr.
230 3037 263 3153 ll,
285 3093 357 3145 1434.
375 3093 425 3145 333.
446 3121 475 3129 -
499 3107 535 3143 33
574 3089 687 3155 icitor,
713 3089 833 3159 epitheto
853 3090 888 3144 ab
907 3089 996 3144 auimo
1015 3106 1023 3142 1
1044 3107 1074 3144 so
1092 3091 1127 3143 33
1145 3090 1201 3143 3333
1219 3097 1309 3145 casua

133 3157 274 3211 translato.
284 3189 315 3196 —
325 3156 388 3217 341.
399 3164 518 3227 pectus
531 3173 678 3226 asprum,
691 3157 808 3228 pectoris
822 3175 844 3210 3.
854 3157 937 3211 animi
948 3107 1154 3226 aegriludiuem.
1176 3189 1194 3197 -
1208 3158 1237 3211 V.
1249 3157 1307 3219 342

134 3240 191 3294 sqq.
212 3225 297 3293 Sillig.
317 3225 434 3279 mutavit
451 3224 590 3293 vulgarem
608 3225 817 3292 distinctionem,
838 3225 942 3279 Puncto
965 3228 1026 3293 post
1043 3239 1100 3278 333.
1126 3225 1200 3278 olivo
1239 3224 1308 3279 osito

133 3307 181 3360 pro
199 3293 270 3362 vulg.
284 3292 433 3360 Commate,
453 3293 484 3345 33
504 3293 637 3346 obducere
654 3295 682 3347 33
700 3300 814 3362 captare
831 3292 887 3344 sint
904 3291 1034 3346 1333333333
1046 3291 1176 3346 historici.
1229 3295 1302 3361 nupt

132 3364 225 3413 tamen
243 3363 271 3414 et
306 3360 449 3414 osteriores
462 3358 587 3428 editores,
601 3376 667 3430 quos
681 3359 826 3429 sequimur,
838 3359 929 3429 potius
942 3375 1002 3412 cum
1014 3359 1113 3414 Bothio
1125 3359 1181 3413 voci
1195 3362 1306 3414 crabrm

83 3493 88 3502 Α
132 3426 264 3506 adiiciunt
282 3378 413 3497 depulam
431 3444 490 3496 quc,
510 3430 543 3479 ut
560 3426 626 3482 haec
644 3429 733 3482 omnia
745 3429 819 3481 arcte
831 3427 999 3481 cohaereant.
1013 3456 1045 3467 -—
1063 3425 1128 3488 343.
1149 3435 1305 3497 captare,

133 3494 188 3547 scil.
202 3495 313 3563 Scyllae.
333 3497 408 3549 Anus
420 3494 537 3564 puellam
555 3496 595 3548 ori
612 3495 729 3551 obducta
746 3498 822 3548 veste
841 3494 876 3548 ad
894 3510 1016 3548 somnum
1035 3495 1177 3562 componit.
1190 3525 1222 3533 -
1240 3493 1305 3556 344.

133 3562 279 3615 bibulum
295 3562 410 3617 lamen.
428 3561 487 3617 vid.
506 3561 540 3616 ad
558 3563 801 3628 33313223-
820 3561 885 3623 347.
903 3563 1093 3630 morientia,
1111 3561 1128 3616 i.
1143 3578 1164 3617 c.
1183 3562 1238 3617 fere
1250 3580 1306 3617 mo·

132 3627 236 3696 rieutis,
267 3632 349 3683 morti
366 3630 508 3699 proximae,
526 3633 598 3685 recte
617 3633 711 3685 contra
728 3630 853 3684 Virorum
878 3629 949 3683 doct.
974 3631 1141 3685 coniecturas
1164 3629 1272 3685 defendi
1289 3646 1307 3685 3

134 3696 286 3750 Burmanno
297 3696 331 3750 ad
344 3698 396 3752 Pro
417 3742 422 3752 .
436 3713 462 3766 p.
480 3700 544 3761 108,
557 3700 651 3752 auctor
663 3699 705 3752 333
717 3697 776 3754 silli
798 3742 803 3751 .
823 3696 912 3750 Etiam
925 3696 1001 3752 Puta.
1012 3697 1052 3752 l.l.
1065 3698 1170 3752 collatis
1179 3714 1234 3752 333.
1248 3701 1304 3753 182.

133 3766 190 3815 267.
204 3767 392 3830 3332351333.
406 3765 547 3819 morientis
557 3767 615 3820 iure
625 3769 727 3820 tuetur.
741 3715 852 3826 -8343
865 3765 1060 3886 33ίὲ3ιί3133
1080 3767 1222 3820 ocellos.
1242 3765 1304 3820 Vid.

132 3846 214 3899 supra
230 3831 265 3883 33
283 3847 307 3887 3.
326 3834 383 3886 251.
406 3863 432 3870 -
452 3829 517 3892 349.
539 3834 625 3888 diem
647 3833 774 3888 almum.
809 3831 868 3887 Vid.
895 3848 912 3887 a
949 3832 1004 3887 Ecl.
1024 3833 1100 3899 VIII,
1130 3837 1170 3887 t'l.
1189 3863 1222 3873 —
1240 3832 1303 3894 330.

132 3896 220 3965 Vulgo
241 3899 279 3952 Et
295 3899 388 3968 gelido
406 3900 514 3952 3333333
533 3901 610 3956 mani
625 3902 764 3981 quatiebat
787 3901 847 3962 etc,
874 3900 921 3955 sed
944 3900 1189 4022 (loddulpraebeut
1210 3902 1305 3969 polida

133 3962 260 4043 (ad-Oeta
278 3966 467 4033 referendum),
486 3969 558 4036 quod
576 3969 663 4040 Sillrg.
681 3972 754 4024 recte
772 3968 901 4031 restituit,
922 3968 967 4037 qui
980 3969 1030 4022 sim
1079 3985 1126 4038 pro
1144 3969 1182 4020 Et
1201 3984 1215 4021 3
1234 3968 1302 4022 3333.

132 4033 241 4101 scripsit
262 4034 346 4097 Prae,
377 4038 408 4088 33
434 4037 615 4105 mareoticae
639 4054 686 4107 per
704 4036 803 4090 tmesiu
823 4035 860 4089 sit
877 4035 1042 4090 disiunctum
1061 4036 1133 4102 (coll.
1153 4034 1208 4088 Eel.
1229 4034 1304 4098 VIII,

133 4102 184 4169 16.)
203 4104 230 4154 33
243 4102 326 4157 (3333.
337 4102 480 4156 lectionem
492 4104 568 4167 malui,
582 4105 658 4159 cuius
671 4105 729 4159 loco
742 4102 873 4158 editiones
886 4106 999 4172 occupat
1008 4104 1129 4172 ineptum
1139 4101 1206 4155 illud
1219 4103 1302 4167 omni,

132 4168 247 4222 mutavit
264 4169 290 4222 iu
309 4170 417 4225 maaria
428 4169 498 4239 (coll.
515 4174 581 4227 Aen.
599 4173 647 4236 XI,
666 4175 743 4238 182).
769 4171 827 4225 Hac
838 4171 923 4240 igitur
933 4171 1067 4252 scriptura
1078 4171 1194 4240 probata
1211 4172 1303 4238 (quam

130 4237 214 4289 etiam
231 4237 308 4292 Ptitz.
327 4238 346 4292 l.
364 4239 382 4292 l.
401 4255 443 4292 am
464 4236 583 4302 lectitur,
602 4255 712 4295 servans
730 4238 810 4294 modo
828 4238 910 4292 Oodd.
931 4238 1073 4292 lectionem
1090 4238 1129 4290 Et
1144 4237 1252 4305 931333,
1269 4239 1304 4291 33

129 4303 277 4374 iungantur
288 4307 370 4360 verba
379 4305 425 4360 133
438 4255 512 4362 lica
524 4315 549 4360 et
561 4309 680 4374 veniam)
692 4306 773 4362 verba
785 4305 823 4360 sic
836 4309 972 4360 construe:
987 4306 1037 4361 Ubi
1053 4308 1160 4374 postera
1171 4303 1217 4357 lux
1229 4303 1303 4358 laeta

148 4373 301 4427 racvcniens
320 4373 392 4428 diem
420 4374 525 4429 miseris
553 4375 713 4430 mortalibus
742 4374 844 4428 almum
874 4374 907 4429 ab
936 4371 1005 4427 Oeta
1033 4371 1125 4441 gelida
1153 4370 1301 4442 quatiebat.

155 4456 207 4495 unc
237 4444 329 4496 tamen
361 4458 422 4496 cum
452 4443 645 4499 recentioribus
678 4441 825 4498 editoribus
859 4441 946 4510 recepi
976 4439 1087 4509 Hauptii
1121 4439 1302 4494 coniecturam

128 4509 275 4563 3333333333
291 4510 387 4578 ipram
405 4525 473 4578 quae
491 4527 508 4564 a
527 4510 609 4565 0333,
628 4511 742 4565 lectione
753 4511 874 4564 33333333
891 4509 960 4563 milti
970 4509 1011 4560 vel
1024 4507 1110 4561 micti
1119 4522 1172 4561 non
1185 4506 1302 4561 multum

128 4576 237 4633 recedit.
257 4608 287 4615 -
307 4578 496 4647 quatiebat.
532 4579 593 4632 Vid.
622 4577 842 4634 adcubuit
872 4576 1066 4630 -300333,
1102 4575 1161 4629 Vid.
1184 4575 1218 4629 ad
1244 4574 1300 4631 uel.

128 4641 202 4707 vm,
222 4648 264 4699 30.
287 4649 314 4700 33
332 4644 435 4717 Oula
454 4649 513 4701 tot.
532 4646 590 4703 coll.
622 4646 721 4703 Catuli.
739 4644 825 4707 LXII,
845 4649 867 4697 7.
886 4646 913 4698 et
929 4641 1035 4696 Gallim.
1062 4643 1154 4698 Horat.
1174 4643 1207 4698 ir.
1226 4645 1266 4698 52.
1285 4657 1302 4696 a

189 4739 305 4781 runnu.
326 4741 398 4780 rans
417 4739 463 4780 111.
485 4741 529 4781 33.
552 4741 591 4780 33.
1058 4726 1090 4775 u
