2872 5070
502 235 734 303 AENEIDOS
757 237 842 303 LIB.
865 240 936 303 VII.
1257 248 1298 309 67

125 394 312 494 Tyrrhidae
361 400 429 463 ueri
452 422 545 485 quem
568 405 682 469 aratris
705 404 747 469 ab
770 404 870 470 ubere
892 415 1023 493 raptum

123 477 302 544 Nutrrbant
353 482 539 629 prrhusque
558 499 665 585 pater,
687 490 739 585 cui
760 490 852 574 regia
874 500 991 576 parcnt
1244 502 1294 553 485

122 560 281 627 Armenta
301 574 332 628 et
365 576 417 630 ate
439 570 589 635 custodia
610 571 736 636 credita
758 574 874 658 campi.

123 643 303 744 Adsuetum
328 650 473 736 imperiis
498 676 591 719 soror
614 656 700 720 omni
723 654 827 720 Silvia
847 678 927 721 cura

123 726 280 794 Mollibus
301 733 450 798 intexens
475 737 614 802 ornabat
635 761 757 804 cornua
780 741 875 804 sertis

123 811 346 900 Pectebatque
368 817 471 882 ferum
493 843 639 908 puroque
660 824 695 886 in
716 823 803 887 fonte
824 822 965 888 lavabat

119 894 181 960 Ille
202 919 334 963 manum
353 902 483 1000 patiens
506 927 701 990 mensaeque
722 905 875 970 adsuetus
898 905 990 972 herili
1242 921 1292 970 490

118 977 266 1045 Errabat
288 982 378 1050 silvis
400 1008 577 1074 rursusque
598 988 641 1052 ad
663 988 776 1054 limina
797 1000 874 1054 nota

117 1062 196 1149 Ipse
218 1063 346 1131 domum
371 1091 444 1132 sera
465 1073 614 1156 quamvis
637 1095 671 1136 sc
693 1082 787 1138 nocte
809 1072 942 1139 furebat.

182 1234 330 1244 .——..—---

119 1333 210 1403 Hepa.
228 1333 324 1403 Wagn.
342 1337 482 1402 praeterea
499 1336 613 1389 corrisrri
630 1338 706 1390 iubet
722 1338 886 1394 Wernsdorf.
904 1339 937 1393 ad
959 1339 1034 1393 Pon.
1053 1339 1112 1392 liat.
1132 1340 1197 1392 Min.
1219 1340 1292 1394 Torn.

117 1401 186 1483 121²·
207 1405 264 1457 348.
285 1433 318 1442 -
336 1403 495 1457 coraibua
522 1405 639 1473 mopere
664 1424 713 1476 pro
742 1406 861 1475 pedestri
889 1408 1042 1476 inpertitur
1070 1409 1197 1460 corallia
1220 1411 1292 1461 recta

118 1470 175 1525 drcr
202 1471 317 1540 poterat,
349 1488 409 1525 cum
437 1488 538 1526 cornua
566 1472 622 1526 sint
639 1489 728 1536 causa,
758 1491 805 1528 cnr
826 1475 920 1543 ingens
940 1475 991 1529 dici
1010 1475 1096 1543 possit
1113 1492 1214 1529 cervus.
1250 1474 1291 1528 Cf.

118 1538 222 1593 similes
248 1537 322 1593 locos
339 1539 361 1604 1,
386 1541 427 1593 86.
457 1540 505 1604 IX,
527 1543 582 1594 163.
613 1540 839 1604 11711911--
866 1542 932 1603 481.
966 1543 1152 1611 Tyrrhidae
1190 1542 1289 1606 icari,

120 1607 226 1688 Tyrrli
247 1605 314 1685 filii,
331 1607 377 1675 qui
394 1611 490 1688 pastor
509 1608 562 1661 fuit
580 1609 647 1688 regii
664 1611 779 1663 armenti
794 1610 821 1662 in
839 1627 903 1678 agro
921 1610 1094 1674 Laurentino,
1124 1562 1195 1678 apud
1214 1625 1290 1678 quem

117 1675 233 1730 Lanma
250 1673 363 1728 Silvium
393 1691 469 1729 enixa
487 1679 535 1729 est.
572 1675 612 1730 (n.
632 1677 696 1730 Aur.
714 1676 814 1733 Victor.
834 1678 866 1732 de
884 1678 914 1732 0.
934 1678 965 1732 G.
984 1678 1015 1732 R.
1035 1695 1057 1732 c.
1080 1681 1117 1732 16.
1137 1682 1164 1731 ct
1181 1678 1248 1729 Dion
1262 1693 1290 1732 u.

116 1742 180 1797 Hal
199 1742 221 1809 1,
241 1746 281 1796 70.
317 1742 357 1796 De
388 1743 562 1811 productione
582 1745 614 1796 Tr
624 1745 737 1798 rrlrirlae
762 1744 815 1799 vid.
835 1745 869 1799 ad
886 1747 922 1808 ΙΙ,
941 1749 981 1800 82.
1002 1774 1033 1784 -
1051 1743 1115 1806 485,
1145 1745 1231 1799 Prov
1263 1761 1290 1813 g.

117 1809 355 1889 TprrderronMed,
372 1811 451 1868 Rern.
470 1811 505 1890 ΙΙ.
524 1810 574 1865 ΙΠ.
592 1764 640 1865 ain
656 1811 700 1866 hic
718 1815 746 1866 et
762 1829 787 1868 v.
801 1817 857 1868 508.
873 1815 985 1884 Tprrrm
1005 1813 1101 1882 fragm.
1115 1813 1186 1878 Vnt,
1205 1813 1290 1876 Rom,

117 1878 200 1943 aad,
230 1877 330 1946 aloque
348 1878 430 1935 Codd.
462 1879 581 1934 Dromcd.
605 1898 630 1949 p.
650 1884 708 1933 312.
728 1880 768 1945 Ρ.,
801 1882 888 1952 Asper
918 1882 944 1934 in
975 1881 1061 1935 Schol.
1093 1881 1155 1935 Ver.
1186 1898 1212 1949 p.
1248 1883 1290 1945 98,

117 1950 160 2002 11.
189 1946 222 2001 Κ.
252 1946 280 1999 et
308 1947 416 2001 Servius
447 1948 583 2015 Tarraca,
613 1948 684 2016 quod
706 1949 809 2003 Peerlk.
841 1954 979 2019 praestare
1006 1952 1105 2015 censet,
1135 1949 1196 2002 coll.
1226 1948 1291 2001 Aur.

115 2014 200 2079 Vict„
226 2014 244 2069 l.
271 2013 289 2066 l.
320 2014 368 2068 ubi
395 2017 488 2095 pastor
515 2015 561 2069 illc
594 2015 718 2082 Tprrlmo
746 2020 856 2071 vocatur
887 2019 928 2084 (ut
951 2019 1032 2071 etiam
1061 2035 1103 2097 ap.
1127 2017 1204 2070 Dion.
1230 2016 1248 2069 l.
1271 2015 1289 2068 l.

116 2081 192 2153 sylb.
214 2086 255 2138 Θυ
293 2087 314 2151 ᾤ
337 2082 446 2150 edidit);
477 2084 599 2152 quodque
623 2087 766 2154 propterea
796 2102 867 2139 nunc
897 2102 958 2140 cum
981 2085 1109 2154 Hauptro,
1135 2084 1289 2150 Ribbeckio,

114 2149 232 2216 Iacca,
297 2167 358 2219 agn.
385 2150 423 2218 (in
448 2154 547 2205 recent.
574 2151 649 2217 edit.)
681 2156 708 2206 et
733 2153 862 2206 Benoisto
891 2153 1047 2221 recepimus.
1078 2153 1163 2221 Bryce
1185 2155 1212 2206 et
1240 2151 1290 2204 Co·

115 2218 233 2288 nington
260 2219 394 2273 retinuere
422 2218 538 2272 formam
564 2221 709 2287 Tyrrhena.
734 2252 764 2258 —
788 2222 827 2273 ab
853 2220 950 2273 ubere
978 2228 1119 2291 raptum.
1154 2219 1215 2273 vid.
1241 2219 1290 2281 VI,

115 2288 174 2344 428.
211 2317 244 2326 --
276 2287 332 2341 cui
365 2287 461 2355 reaia
490 2295 614 2366 parent
646 2289 817 2352 Armenta,
852 2288 953 2357 pastori
987 2291 1168 2342 armentorum
1205 2287 1290 2354 regio·

113 2370 185 2412 rum.
221 2354 261 2408 Dc
289 2370 341 2408 usn
360 2354 513 2408 Praesentis
539 2355 566 2408 in
595 2355 725 2408 eiusmodi
752 2355 818 2409 locis
847 2355 900 2409 vid.
925 2356 959 2408 ad
977 2356 1013 2421 11,
1034 2359 1091 2410 275.
1111 2359 1167 2410 182.
1192 2359 1219 2408 ct
1241 2354 1288 2421 lv,

114 2424 175 2477 228.
195 2452 228 2461 -
246 2420 312 2482 486.
342 2422 413 2477 late
430 2423 580 2543 jlssocitlrr'a).
617 2423 661 2476 Sic
708 2424 798 2476 Intimi
816 2423 900 2476 Codd.
923 2424 1045 2492 interque
1064 2441 1109 2476 cos
1126 2423 1200 2479 Med.
1220 2438 1235 2473 a
1253 2438 1288 2475 m.

114 2507 180 2554 aea„
197 2489 354 2546 Gadam.
373 2508 424 2560 pr,
472 2506 528 2543 ern.
547 2490 662 2554 11.111.‚
690 2441 797 2559 irenag.
816 2491 848 2556 1.,
867 2491 932 2544 item
949 2490 1168 2570 ServianMcd.
1195 2492 1287 2569 tomen

114 2557 408 2707 inpediant·
421 2558 1205 2706 {ttoitgtnldntlitantiaitt-tutiensi*
1218 2556 1289 2678 titi

114 2698 206 2765 aptior
224 2696 266 2748 eat
283 2693 369 2748 altera
385 2693 476 2756 lectio,
507 2711 582 2748 curus
604 2694 676 2748 hunc
695 2711 802 2748 sensum
822 2711 880 2749 esse
899 2694 978 2748 docet
1003 2695 1013 2747 l
1036 2710 1110 2763 apa:
1141 2709 1288 2763 „quocum-

114 2779 168 2834 que
185 2763 215 2817 et
232 2762 386 2842 quamulate
404 2762 517 2831 patebat
535 2779 654 2883 campus,
681 2761 804 2816 custodia
821 2761 879 2816 eins
897 2762 937 2816 illi
955 2761 1056 2816 credita
1074 2763 1153 2825 cst;“
1184 2777 1289 2839 compa3

113 2846 180 2886 rans
210 2830 293 2884 enam
319 2829 390 2883 infra
408 2846 433 2883 v.
453 2833 510 2886 737.
547 2830 591 2897 (Vi
612 2871 618 2885 .
638 2830 720 2884 etiam
737 2830 891 2885 Hoffmann.
910 2831 928 2883 1.
947 2831 976 2895 l.)
1011 2830 1072 2884 Alia
1090 2830 1158 2882 ratio
1179 2831 1221 2882 cst
1238 2829 1289 2881 loci

113 2897 183 2953 vm
211 2899 244 2965 8,
277 2897 324 2951 ubi
353 2897 406 2951 vid.
429 2896 533 2952 aduott.
553 2931 585 2938 -
603 2900 743 2952 credita.
778 2899 897 2952 Verbum
916 2898 1125 2959 substantivum,
1157 2896 1227 2965 quod
1247 2895 1289 2948 hic

114 2937 301 3045 desideramus
328 2964 374 3031 (ct.
404 2982 485 3034 snpra
511 2967 615 3020 adnott.
645 2965 679 3019 ad
709 2983 733 3019 v.
753 2970 815 3029 513,
847 2965 904 3020 soni
928 2982 1008 3018 causa
1027 2966 1153 3018 omissum
1173 2964 1288 3041 videtur,

114 3049 177 3088 cnm
205 3034 315 3087 aunbus
334 3050 386 3087 non
407 3032 552 3087 admodum
569 3035 677 3102 gratum
696 3037 779 3089 esset:
807 3035 862 3087 late
879 3041 926 3086 eat
943 3036 1096 3086 crcotodia.
1132 3031 1174 3084 (tf.
1196 3033 1290 3097 liugn.

114 3101 165 3168 Qu
184 3100 239 3156 Ver
260 3145 265 3156 .
284 3100 341 3168 XV,
363 3105 387 3155 4.
411 3104 440 3156 et
459 3105 499 3155 10.
520 3132 552 3139 -
570 3100 634 3161 487,
667 3106 837 3156 adauctum
867 3100 1029 3170 imperiis.
1065 3101 1106 3154 Cf.
1124 3099 1194 3152 Plin.
1213 3098 1288 3160 VIII,

115 3173 183 3239 1,1.
213 3170 243 3222 Ε
289 3171 369 3223 tanti
395 3169 464 3223 iacet
489 3169 667 3239 imperiorum
696 3170 850 3224 obedientia
868 3171 995 3247 utsupra
1013 3167 1048 3220 ad
1066 3184 1088 3219 r.
1110 3172 1165 3218 240.
1185 3165 1288 3219 adnott.

114 3267 149 3279 -
167 3255 284 3304 soror,
313 3236 370 3293 scil.
406 3253 558 3304 puerorum,
589 3236 685 3304 Tyrrhi
716 3237 836 3290 111111-
860 3236 979 3289 Silvia.
1024 3234 1131 3289 Servius
1163 3233 1287 3286 adnotat:

114 3306 236 3372 „bonum
266 3304 372 3374 puellae
403 3305 518 3358 rusticae
547 3320 644 3358 nomen
673 3303 801 3358 formavit
808 3306 837 3369 ;“
867 3301 915 3356 sed
939 3301 1099 3370 Conington,
1132 3316 1289 3354 comarcus

113 3374 200 3428 Ream
219 3372 331 3427 Silvium
361 3375 389 3426 et
406 3371 518 3427 Silvium
541 3374 668 3438 Aeneam,
699 3388 795 3426 nomen
824 3370 930 3425 omnino
960 3386 1020 3423 curn
1051 3370 1164 3439 antiqua
1192 3319 1290 3424 italiae

112 3440 232 3496 historia
259 3439 430 3494 coniunctum
461 3440 544 3494 fuisso
573 3443 645 3494 recte
669 3442 861 3494 memorat-
881 3437 948 3498 488.
981 3439 1133 3491 intereas
1163 3454 1290 3489 corana

112 3509 226 3564 certic.
261 3507 323 3562 Vid.
349 3508 383 3563 ad
403 3508 460 3561 Ecl.
478 3509 514 3567 11.
534 3512 575 3565 19.
611 3508 731 3562 Iteratur
749 3507 794 3560 hic
811 3522 904 3561 versus
920 3506 948 3559 in
966 3505 1050 3559 Anth.
1069 3506 1128 3559 Lat.
1147 3505 1169 3569 Ι,
1190 3509 1228 3563 11,
1252 3507 1288 3557 ta.

113 3575 232 3638 -489,
264 3575 488 3646 Pectclatqae
512 3579 564 3631 etc.
600 3575 643 3630 Sic
661 3593 703 3645 ap.
722 3575 818 3631 Silium
835 3575 912 3639 XIJI,
932 3576 987 3628 122.
1006 3573 1076 3626 hunc
1094 3573 1182 3627 locum
1201 3572 1291 3625 imita-

112 3647 177 3701 tum
204 3643 321 3726 legimus
340 3646 450 3698 Aurata
479 3651 578 3698 matres
607 3652 730 3698 caerulae
754 3644 864 3714 pertiae
884 3643 973 3694 mitem
978 3643 1120 3763 licerium)
1141 3641 1251 3695 Comae
1268 3646 1293 3690 rt

114 3712 236 3768 damnanti
249 3712 340 3782 fluvio
358 3730 489 3766 revocare
507 3712 632 3766 colerere.
653 3744 685 3751 -
696 3717 823 3782 ferum.
842 3710 904 3765 Vid.
926 3709 961 3764 ad
1009 3751 1015 3775 ,
1035 3707 1205 3770 51.-491).
1224 3727 1291 3759 ma-

113 3781 189 3837 adm
205 3780 225 3837 i.
243 3797 266 3834 e.
283 3798 422 3843 manacta,
453 3782 485 3834 ut
503 3780 549 3844 VI,
568 3783 626 3834 653.
651 3782 761 3834 cumam
781 3797 830 3849 pro
848 3796 985 3833 curruum.
1022 3777 1065 3832 sio
1082 3793 1153 3830 nnnc
1172 3776 1291 3830 Servium

114 3852 145 3904 et
164 3848 265 3919 fragm.
284 3847 350 3903 Bob.
371 3847 404 3902 dc
421 3864 492 3903 nom.
513 3854 540 3902 et
560 3863 633 3916 pron.
652 3851 691 3903 39.
712 3865 739 3916 p.
760 3851 815 3904 131.
835 3849 944 3902 secutus
963 3862 1024 3899 cum
1041 3844 1154 3909 Thielio,
1184 3843 1291 3899 Ladas.

116 3919 147 3972 et
163 3915 299 3986 Wagnero
328 3919 429 3970 statuo.
464 3915 553 3978 Prius,
585 3916 644 3970 coll.
677 3916 802 3970 Lactant.
834 3917 945 3984 Argum.
976 3913 1042 3966 Met.
1074 3913 1152 3967 Ovid.
1174 3913 1231 3974 Vll,
1254 3915 1293 3965 13.

116 3984 247 4038 valamer
263 3984 414 4039 mdomz'laa
436 4002 470 4037 ac
488 3984 590 4037 leonem
609 4002 718 4037 manem
734 3983 798 4053 pati
816 3983 903 4051 coepit
922 3980 979 4047 (ubi
995 3979 1050 4033 vid.
1062 3981 1176 4045 Burml,
1195 3981 1294 4031 Lucan.

113 4051 165 4120 IV,
184 4054 244 4106 2311.
275 4051 358 4117 (ferae
388 4054 555 4116 mansuetae)
581 4051 715 4105 leorm'aem
733 4051 856 4104 didicere
893 4049 936 4102 ati
952 4048 1007 4107 (ubi
1025 4048 1078 4102 rid.
1097 4047 1239 4126 (ludendi,
1269 4048 1296 4097 et

113 4118 196 4176 Oros.
213 4118 246 4188 V,
268 4123 305 4173 18.
323 4119 477 4185 Animalia,
509 4137 578 4189 cuae
601 4138 697 4173 nocane
714 4119 851 4172 leontinum
870 4068 968 4170 iurare
982 4117 1094 4186 perpeti
1109 4116 1192 4168 colata
1209 4119 1295 4175 crant,

113 4206 229 4243 menam
250 4185 332 4242 etiarn
353 4203 402 4258 pro
424 4187 519 4243 Aecus.
546 4189 573 4241 et
591 4189 702 4258 palicas
730 4204 778 4255 pro
801 4185 948 4253 Participio
969 4184 1064 4238 haberi
1090 4198 1168 4249 posse
1197 4180 1296 4244 censui,

134 4254 191 4310 uod
215 4255 363 4309 etiamnum
388 4254 464 4309 Neue
488 4256 627 4310 Formeal.
651 4257 672 4311 1,
691 4273 716 4324 p.
736 4258 793 4309 311.
820 4254 930 4308 iudicat.
965 4252 996 4306 ln
1026 4250 1109 4304 Antlr.
1132 4251 1193 4303 Lat.
1214 4250 1236 4310 Ι,
1257 4251 1296 4308 14,

113 4272 160 4380 it.
179 4322 203 4386 1,
223 4326 279 4387 l'lt,
301 4327 322 4378 1.
342 4324 370 4378 et
390 4322 413 4385 Ι,
435 4325 491 4387 178,
510 4326 568 4377 235.
587 4324 687 4392 legitur
704 4340 788 4376 mmm
800 4323 919 4393 psittacis.
937 4349 971 4359 -
988 4335 1119 4374 mensae
1138 4320 1299 4370 adorietur

113 4390 234 4447 lter-ili.
268 4391 454 4474 Respexernnt
483 4389 553 4444 hunc
572 4391 661 4445 locum
678 4391 738 4444 Val.
757 4390 798 4444 Fl.
817 4390 878 4454 VII,
902 4391 958 4442 124.
978 4387 1027 4442 sta
1051 4393 1159 4466 maleta
1183 4384 1252 4437 toric
1274 4389 1300 4435 et

112 4475 226 4515 manaae
255 4459 347 4514 dalea
375 4458 460 4512 lariti
477 4458 569 4524 carta,
599 4462 627 4514 et
644 4460 768 4514 Ambros.
788 4458 914 4512 Heraem.
934 4456 967 4523 V,
988 4459 1026 4509 11.
1058 4455 1142 4507 Altae
1170 4469 1233 4506 aver
1261 4452 1301 4503 ad

112 4526 438 4583 mammaemammal
456 4534 481 4580 ct
497 4543 604 4582 nteneae
621 4528 705 4583 herili
722 4533 861 4580 canesceret
877 4531 933 4578 lact
1019 4523 1186 4584 mollescunt,
1208 4522 1240 4572 ut
1258 4534 1300 4572 aa·

114 4595 261 4669 quantiam
295 4611 420 4651 versuum
450 4596 567 4649 fortasse
595 4612 697 4651 memor
726 4593 780 4648 tuit
811 4593 939 4662 Calpum.
977 4590 1020 4644 rcl.
1041 4591 1088 4653 IX,
1108 4591 1149 4641 65.
1181 4588 1299 4642 scribens

112 4664 171 4721 ecit
189 4680 289 4719 curares
306 4679 429 4719 remeare
449 4666 566 4719 armam.
585 4693 616 4702 -
635 4660 700 4725 492.
731 4664 817 4731 ipae,
846 4676 895 4715 sua
914 4660 1018 4727 sponte,
1042 4660 1074 4710 nt
1094 4655 1165 4726 apud
1185 4656 1300 4712 Graecos

1077 4741 1090 4768 1

1060 4745 1075 4794 5
