2872 5070
480 271 710 339 AENEIDOS
732 270 818 337 LIB.
837 271 898 337 IX.
1202 272 1261 335 30³

93 436 171 501 Sive
193 437 275 501 Padi
297 438 389 523 ripis,
410 437 559 502 Athesim
581 460 637 502 seu
656 446 793 536 propter
813 458 994 517 amoenum,
1212 446 1262 497 686

92 519 303 604 Consurgunt
323 521 472 604 geminae
515 543 633 586 uercus
654 532 824 608 mtosaque
845 519 935 585 caelo

91 602 255 666 Attollunt
278 606 388 689 capita
408 612 440 667 et
461 543 595 668 sublimi
616 606 738 668 vertice
759 613 884 668 nutant.

91 685 285 771 Inrumpunt
317 686 424 750 aditus
446 686 557 751 Rutuli
577 696 613 751 ut
632 686 747 751 videre
767 688 917 771 patentis.

92 767 255 833 Continuo
312 791 445 833 uercens
468 778 500 833 ct
521 768 656 855 pulcher
678 767 856 856 Aquiculus
878 769 979 832 armis

93 850 138 914 Et
159 872 318 936 praeceps
341 853 441 915 animi
464 852 604 917 Tmarus
626 861 658 916 et
679 851 861 916 Mavortius
882 851 1031 916 Haemon
1212 861 1262 912 685

91 932 287 1018 Agminibus
309 935 384 998 totis
406 944 463 998 aut
482 937 571 999 versi
592 944 686 1019 terga
707 933 826 999 dedere

93 1016 162 1080 Aut
183 1018 254 1102 ipso
277 1027 391 1114 portae
412 1038 550 1102 posuere
571 1020 605 1082 in
626 1018 736 1081 limine
758 1019 868 1080 vitam.

93 1098 175 1162 Tum
198 1121 303 1184 magis
325 1102 510 1165 increscunt
533 1102 649 1165 animis
672 1099 877 1165 discordibus
900 1099 970 1162 irae

91 1180 221 1244 Etiam
243 1179 370 1246 collecti
393 1182 496 1248 Troes
518 1184 737 1267 glomerantur
759 1182 873 1247 eodem

92 1264 137 1327 Et
157 1264 305 1328 conferre
327 1287 458 1329 manum
479 1277 511 1330 et
529 1288 722 1354 procurrere
743 1264 796 1330 lon
821 1268 871 1328 ius
894 1264 1022 1332 audent.
1212 1274 1261 1324 690

177 1346 318 1411 Ductori
337 1347 448 1413 Turno
470 1348 601 1414 diversa
622 1352 656 1413 in
678 1358 772 1434 parte
794 1287 913 1411 direnti

94 1427 318 1516 Turbantique
341 1432 431 1495 viros
453 1433 617 1518 perfertur
638 1432 781 1513 nuntius,
803 1430 928 1495 hostem

97 1629 305 1639 ——.-....

93 1760 152 1829 ipse
171 1761 269 1815 rectius
287 1762 433 1831 Liquentia
462 1767 543 1831 (nunc
563 1765 693 1830 Livcnza)
723 1762 828 1817 dicitnr.
864 1763 904 1816 Cf.
922 1762 990 1816 liber
1014 1777 1089 1814 meus
1105 1775 1195 1828 geogr.
1212 1758 1263 1812 ΙΙΙ.

115 1832 198 1881 ,514Ι
234 1829 319 1892 Med,
349 1830 421 1898 Pal,
448 1831 523 1885 Rom.
555 1835 583 1886 et
612 1830 733 1885 Diomed.
752 1848 777 1900 p.
796 1835 854 1885 459.
885 1829 1056 1884 consentiunt
1083 1828 1262 1896 inscriptura

92 1844 234 1963 labacrum.
251 1928 288 1976 .’
306 1896 370 1976 680.
391 1899 528 1952 Atbeeie
544 1899 654 1953 Raetiae
672 1899 767 1953 lluvim
786 1899 852 1952 satis
870 1900 959 1959 notus,
979 1896 1024 1975 qui
1035 1895 1168 1974 Veronam
1186 1909 1262 1963 prae·

94 1961 221 2016 terfluens
250 1982 277 2018 m
296 1965 389 2018 Sinum
411 1966 542 2020 Venatum
570 1967 730 2034 effunditur,
759 1983 829 2020 nunc
846 1967 937 2033 Adice
968 1964 1057 2017 dietus
1086 1966 1142 2083 Ἕω
1159 1963 1263 2024 Eteri).

95 2029 138 2083 (ΙΙ.
158 2030 227 2085 Plin.
247 2033 302 2098 ΙΙΙ,
324 2037 368 2095 16,
389 2036 428 2087 20.
464 2034 533 2087 Flor.
552 2034 608 2099 III,
628 2039 652 2088 3.
688 2035 767 2088 Silius
785 2033 863 2095 VIII,
883 2037 941 2087 566.
970 2032 1005 2085 al.
1035 2040 1063 2084 et
1103 2031 1159 2082 ‘ber
1188 2044 1263 2081 meus

91 2098 299 2220 servale
318 2102 451 2221 tull
468 2102 607 2223 Pirae.
622 2110 764 2223 creet
787 2101 822 2220 a·
847 2102 990 2221 neuen
1010 2095 1264 2218 terelle

92 2232 149 2298 (ubi
167 2205 292 2287 similiter
309 2238 414 2300 fontem
429 2245 545 2306 propter
561 2240 719 2304 amoenum).
744 2207 927 2289 IIand.’Ib1rs.
948 2234 993 2287 IV.
1013 2250 1040 2300 p.
1059 2237 1117 2286 669.
1137 2231 1212 2284 alios.
1230 2258 1264 2269 -

91 2299 154 2358 681.
174 2301 342 2363 intonsae,
373 2302 463 2372 densis
492 2304 564 2357 loliis
594 2307 717 2368 ornatae,
731 2328 734 2333 ·
749 2319 816 2372 qnae
844 2303 932 2371 poetis
962 2318 1065 2354 comam
1089 2299 1192 2352 arboris
1210 2296 1263 2349 dici

91 2370 207 2420 constat.
243 2368 285 2422 Cf.
301 2369 384 2424 etiam
401 2371 506 2424 adnott.
524 2371 559 2424 ad
579 2371 633 2425 Eel.
657 2373 689 2432 V,
710 2374 751 2423 63.
769 2401 795 2408 -
819 2372 916 2423 caclo
935 2367 1110 2420 Attollant
1137 2365 1261 2434 capita.

91 2432 488 2507 ct.111,678.eaetocapita
506 2441 566 2492 elta
583 2441 710 2503 ferentes.
736 2468 768 2475 -
798 2435 862 2497 682.
880 2437 969 2489 Verba
986 2433 1122 2487 sublimi
1139 2432 1265 2485 vertice

44 2542 47 2547 .
90 2509 211 2554 natant
226 2503 293 2557 bene
311 2506 473 2573 respondent
490 2507 559 2559 illis:
590 2506 680 2560 mistae
697 2524 731 2559 ce
752 2506 792 2557 ita
813 2505 872 2557 alta
896 2503 1011 2556 corusci.
1048 2501 1169 2565 Nature,
1194 2498 1264 2578 quod

93 2568 126 2622 de
145 2569 204 2638 Ipsa
221 2571 305 2625 erista
322 2572 394 2625 haud
412 2589 472 2626 raro
492 2572 590 2626 dieitur
608 2573 653 2638 eei.
672 2523 754 2627 urai.
772 2572 806 2625 ad
824 2572 919 2626 Silium
936 2571 959 2637 1,
977 2572 1055 2636 466),
1074 2568 1106 2622 de
1125 2566 1264 2621 arboribus

91 2640 238 2706 usurpatur
256 2640 337 2693 etiam
355 2639 463 2693 Lucano
480 2642 501 2704 Ι,
519 2645 574 2697 141.
595 2641 742 2694 Claudiano
758 2639 838 2708 Idyll.
850 2639 926 2705 l,‘32.
945 2637 1014 2692 aliis.
1036 2667 1064 2675 -
1083 2635 1149 2696 684·
1162 2637 1265 2694 Quer-

92 2722 167 2756 cene
186 2709 214 2759 et
232 2706 278 2774 qui
295 2711 434 2776 praet-crea
454 2707 498 2761 hic
525 2712 782 2771 commemorantur,
813 2706 954 2760 eRutulis
978 2707 1049 2758 sunt.
1067 2735 1100 2743 -
1119 2702 1264 2781 prelcber

92 2773 207 2836 armis,
227 2773 245 2825 i.
265 2790 288 2828 e.
304 2774 425 2894 pulchris
442 2776 533 2829 arinis.
564 2776 623 2830 Vid.
644 2775 678 2830 ad
697 2817 703 2830 .
724 2815 754 2830 ..
774 2820 780 2831 .
801 2818 806 2828 .
827 2805 859 2812 -
877 2773 941 2835 685.
963 2787 1128 2844 praecem
1152 2771 1263 2824 animl-

92 2838 153 2891 Vid.
171 2839 205 2893 ad
223 2841 285 2895 Gco.
319 2842 350 2909 V,
369 2846 425 2896 491.
446 2847 473 2896 et
492 2845 557 2897 Aen.
576 2844 623 2908 IV,
642 2847 700 2898 203.
727 2874 752 2881 ·-
787 2844 932 2896 Tmarus.
972 2841 1014 2895 Sic
1034 2839 1122 2893 Palat.
1141 2838 1217 2891 Rom.
1236 2839 1264 2890 et

93 2904 213 2992 plerique
230 2909 312 2963 Oodd.
332 2914 506 2979 (quamquam
524 2928 620 2964 nomen
639 2912 712 2965 varie
730 2914 944 2980 cormmpentes:
971 2909 1108 2969 Timarete,
1127 2905 1262 2972 Ttmnrys,

93 2973 255 3041 l’iamanrs,
275 2978 397 3031 Tinarac
424 2981 503 3044 etc.);
533 2979 628 3032 Medic.
649 2981 748 3033 -autem
775 2978 949 3046 campaneis
977 2975 1037 3028 aliis
1054 2979 1162 3036 ilonea,
1192 2970 1264 3039 quod

92 3043 231 3110 tamquam
261 3043 386 3099 Italicum
416 3062 512 3099 nornen
541 3047 621 3113 (unde
644 3046 767 3112 Mariua)
797 3045 902 3099 Peerlk.
931 3041 1135 3123 praeterendum
1164 3041 1263 3104 censet,

92 3125 171 3177 quem
190 3110 300 3179 Haupt,
318 3112 423 3166 Ladew.
454 3116 482 3166 et
511 3129 582 3167 nnnc
610 3113 692 3166 etiam
709 3114 805 3181 Wagn.
835 3113 871 3178 (in
890 3110 986 3163 Philol.
1007 3107 1099 3176 Suppl.
1117 3106 1138 3159 l.
1181 3108 1263 3159 .338.

92 3192 239 3243 provocans
268 3180 302 3233 ad
320 3181 477 3233 Mommsen,
507 3180 590 3233 Inscr.
609 3179 667 3232 Nea
687 3219 693 3231 .
712 3184 769 3234 718.
799 3178 905 3234 Gruter.
938 3195 963 3245 p.
982 3178 1040 3239 334,
1058 3178 1082 3228 6,
1112 3175 1140 3226 ct
1192 3176 1263 3225 urst.

91 3259 119 3322 p.
137 3248 208 3309 tior,
224 3250 271 3312 14,
290 3248 386 3315 quibus
405 3247 503 3300 addere
536 3236 660 3301 otc'ratS
683 3247 737 3299 'um
749 3247 907 3308 vities.
930 3245 998 3310 136.)
1010 3240 1095 3295 secuti
1113 3242 1183 3293 sunt.
1211 3238 1263 3293 Sed

91 3314 167 3364 iuxta
180 3313 331 3368 Haemonia
342 3330 437 3368 nomen
451 3320 460 3384 (
480 3264 534 3367 uod
544 3330 608 3368 sane
620 3318 648 3368 et
659 3315 747 3381 ipsum
760 3311 946 3380 Peerlkampio
956 3326 1001 3364 sus
1020 3312 1109 3388 ectum
1122 3307 1263 3385 estlTese·

91 3396 140 3429 ree
160 3381 259 3458 rectius
279 3399 307 3436 se
324 3383 423 3436 habere
434 3332 549 3436 videtur.
584 3383 626 3437 Sic
647 3382 718 3436 enim
729 3381 859 3435 habemus
871 3379 984 3433 duorum
997 3326 1072 3456 Epiri
1088 3378 1117 3429 et
1133 3375 1263 3428 Thraciae

92 3449 224 3500 montrum
234 3450 342 3503 nomina
354 3450 418 3517 (vid.
431 3451 466 3503 ad
480 3449 535 3503 Ecl.
543 3450 618 3517 VIII,
624 3453 665 3504 44.
679 3443 1170 3523 etGeo.I‚492.).BryceetIt1bbcclr.
1183 3443 1264 3496 Tmu-

90 3531 152 3565 rum
181 3515 359 3570 retinuerunt.
402 3518 444 3571 Cf.
474 3518 555 3571 etiam
572 3517 727 3571 Fleckeisen
756 3517 783 3570 In
810 3517 879 3570 Nos.
907 3513 1005 3567 Annnl.
1036 3511 1101 3579 phrl.
1129 3509 1264 3564 LXXVII.

113 3624 118 3636 .
140 3585 196 3636 166,
216 3613 250 3623 -
268 3583 331 3644 686.
351 3586 548 3652 Apme'nibna
570 3586 661 3652 totis,
692 3586 790 3638 omissa
806 3583 934 3652 Praepos.
952 3599 1019 3647 cum,
1036 3583 1068 3632 ut
1085 3579 1141 3632 Ecl.
1155 3577 1202 3640 IV,
1223 3581 1263 3631 66.

91 3597 127 3715 ll,
146 3652 187 3704 24.
206 3653 272 3705 Aen.
293 3652 331 3715 ΙΙ,
354 3657 408 3707 122.
439 3654 472 3707 al.
491 3652 617 3707 Ribbeck.
637 3653 728 3706 omisit
748 3652 882 3704 Punctum
910 3652 973 3718 post
987 3647 1111 3725 patentia·
1137 3646 1264 3714 positum,

92 3720 155 3784 post
174 3719 239 3770 totels
256 3720 319 3772 Colo
338 3720 468 3774 distinxit
492 3725 520 3774 et
539 3728 589 3773 aret
613 3721 641 3772 in
671 3727 701 3773 ct
716 3719 841 3783 mutavit,
867 3717 918 3771 hae
937 3716 1027 3769 adnot.
1050 3713 1156 3767 addsta:
1186 3711 1264 3778 „Non

93 3786 295 3839 assentiendum
311 3804 443 3853 censeam,
464 3788 487 3841 si
505 3788 566 3856 quis
584 3791 694 3856 propter
711 3804 735 3839 r.
752 3790 810 3841 663.
830 3786 911 3840 verba
928 3801 953 3838 v.
968 3787 1027 3838 683.
1046 3783 1139 3835 masse
1155 3809 1167 3820 ·
1185 3809 1196 3820 -
1210 3798 1265 3850 pa·

92 3853 173 3905 amet
188 3853 361 3923 interpolata,
378 3856 422 3909 vel
439 3857 505 3910 adeo
523 3855 627 3924 reliqua
656 3854 694 3908 sic
722 3855 750 3906 in
780 3856 868 3907 artum
899 3849 1081 3906 contrahenda
1098 3848 1263 3928 suspicetur:

93 3921 252 3990 inrumpant
270 3920 404 3981 tbcerccne
420 3926 491 3977 cte.“
529 3922 581 3978 Sed
609 3925 680 3976 recte
712 3925 803 3975 censet
832 3920 999 3989 Conington,
1094 3933 1134 3970 arr
1162 3918 1265 3969 retroue

93 3989 191 4041 fortius
209 4005 240 4042 ex
259 3989 320 4041 riuti
343 3992 509 4058 repentinam
532 3990 693 4044 Rutulorum
722 3989 958 4058 propulsationem.
983 4016 1015 4024 -
1032 3983 1070 4044 es
1091 4026 1097 4038 ·
1119 3998 1265 4052 comm

92 4055 203 4111 vitam.
240 4006 301 4109 liu.
322 4056 384 4112 Geo.
403 4058 451 4120 IV,
469 4063 526 4112 238.
545 4060 652 4112 anemae
665 4064 775 4127 ponunt
803 4059 831 4110 et
847 4056 881 4109 cf.
904 4055 1008 4110 adnott.
1029 4052 1063 4106 ad
1081 4053 1147 4130 Aen.
1166 4049 1187 4114 Ι,
1205 4051 1263 4101 362.

93 4153 123 4160 -
144 4123 208 4182 688.
227 4125 420 4177 increscant
447 4126 570 4179 animis
599 4125 831 4187 discordibus,
862 4124 1036 4177 'Iroianorum
1053 4122 1154 4189 pauter
1182 4119 1265 4234 abpne

92 4189 263 4254 Rutulorum,
283 4193 368 4259 irae,
386 4191 499 4272 ideoque
516 4194 598 4248 etiam
616 4190 754 4272 pugnandi
771 4191 857 4245 ardor.
872 4191 967 4259 Wagn.
980 4189 1124 4243 discordes
1141 4183 1175 4236 ad
1193 4199 1222 4235 so
1235 4198 1264 4235 os

93 4256 224 4312 Troianos
243 4261 334 4326 refert,
353 4263 384 4312 ut
402 4259 438 4313 sit
455 4277 472 4314 1.
512 4260 688 4316 bostihbus.
708 4289 739 4297 —
771 4257 833 4318 696.
877 4270 1066 4311 recurrere.
1102 4252 1144 4304 ct.
1161 4250 1263 4330 Lucan.

92 4325 140 4393 IV,
159 4331 217 4380 771.
235 4326 295 4390 VH,
315 4331 372 4380 385.
407 4327 477 4381 Stat.
492 4277 579 4382 l'heb.
597 4327 645 4390 XI,
665 4330 724 4380 454.
758 4325 840 4380 Silius
850 4277 880 4393 I,
900 4328 957 4380 519.
975 4323 1037 4389 VH,
1057 4324 1114 4375 566.
1145 4319 1191 4398 ubi
1210 4316 1264 4396 ud.

91 4391 197 4460 Drak.).
216 4394 262 4458 IX,
281 4399 338 4448 tlt.
359 4394 393 4448 al.
413 4424 443 4434 -
463 4394 524 4474 691.
539 4393 803 4474 ·„Tumus,.nuntio·
816 4396 938 4513 accepto,
962 4392 1074 4471 'portam
1092 4385 1136 4441 vul
1174 4384 1266 4439 Trou·

92 4465 518 4598 dimittittlfttlt.
536 4465 672 4583 utet?
686 4455 1111 4606 dibilitmirltlllllall.
1130 4467 1265 4585 ⁸6:26

93 4594 201 4661 Hector,
221 4597 263 4651 bic
282 4597 388 4651 'lomus
408 4601 478 4652 est.“
515 4599 604 4667 Hcpn.
627 4627 660 4636 -
691 4594 755 4656 692.
775 4596 945 4650 Tar-boati.
1004 4595 1021 4645 t.
1051 4605 1133 4659 snpra
1161 4604 1186 4642 v.
1203 4590 1264 4667 469-

94 4691 124 4700 ·
140 4665 323 4733 perfertur
349 4667 496 4721 santiae.
530 4665 590 4719 Non
620 4667 694 4728 erat,
723 4681 770 4718 cnr
787 4663 939 4729 Coniugton
957 4662 1113 4721 adnotaret,
1144 4662 1266 4710 reuersum
