2872 5070
444 248 674 316 AENEIDOS
695 250 779 316 LIB.
799 250 860 319 IX.

96 416 258 481 Ductores
279 415 443 479 Teucrum
466 417 564 502 primi
586 426 618 482 et
640 416 766 482 delecta
783 419 934 484 iuventus

59 510 63 518 “
98 498 279 565 Consilium
301 501 437 563 summis
457 501 551 584 regui
575 500 616 565 de
637 499 735 565 rebus
756 500 932 583 habebant,

101 581 189 662 Quid
211 582 357 646 facerent
379 582 493 669 quisve
514 583 645 649 Aeneae
665 584 732 648 iam
752 585 885 649 nuntius
909 593 1001 652 esset.

97 665 192 730 Stant
213 664 321 750 longis
343 664 458 729 adnixi
479 665 582 731 hastis
606 677 638 731 et
656 675 748 732 scuta
767 675 913 733 tenentes

97 748 286 814 Castrorum
309 757 341 811 et
361 749 469 834 campi
491 749 607 815 medio.
650 750 736 814 Tum
757 751 855 815 Nisus
878 760 910 817 et
929 774 995 818 una
1215 767 1265 820 230

95 830 261 917 Euryalus
284 831 451 896 confestim
474 831 600 898 alacres
622 832 788 898 admittier
810 843 919 932 orant,

95 914 175 978 Rem
198 936 351 1000 magnam
384 916 588 1001 pretiumque
609 938 721 981 morae
741 917 819 982 fore.
862 917 991 983 Primus
1011 918 1101 984 Iulus

95 999 233 1083 Accepit
254 964 400 1083 trepidos
422 1021 462 1063 ac
483 999 597 1063 Nisum
620 998 729 1064 dicere
750 1001 853 1065 iussit.

96 1080 179 1145 Tum
202 1081 249 1144 sic
271 1080 488 1166 Hyrtacides:
510 1081 652 1164 „Audite
675 1105 693 1148 o
716 1082 877 1148 mentibus
901 1085 1024 1170 aequis,

97 1162 278 1245 Aeneadae,
300 1186 381 1230 neve
402 1164 484 1229 haec
504 1167 624 1231 nostris
648 1175 832 1252 spectentur
854 1166 896 1230 ab
918 1168 1022 1249 annis,
1218 1182 1266 1234 235

96 1245 189 1326 Quae
210 1247 354 1312 ferimus.
397 1245 509 1313 Rutuli
531 1271 642 1313 somno
664 1250 808 1336 vinoque
832 1248 927 1314 soluti

94 1549 162 1601 nott
198 1544 240 1599 Cf.
258 1545 341 1599 etiam
360 1545 390 1612 V,
409 1547 466 1598 836.
495 1546 613 1616 placide
638 1547 771 1600 &madent
788 1548 907 1600 metra
925 1548 1019 1616 quiete.
1055 1547 1143 1603 Cerda
1161 1566 1268 1632 compa-

93 1620 136 1669 rat
152 1613 232 1668 Lucr.
250 1612 298 1676 IV,
318 1615 376 1666 908.
405 1631 514 1667 comente
531 1642 542 1652 ·
560 1641 570 1650 -
589 1614 678 1667 animi
706 1632 788 1667 curas
815 1632 834 1667 a
855 1621 968 1683 pectore
984 1616 1084 1669 solvat.
1107 1645 1137 1655 -
1158 1619 1268 1674 oblata

94 1682 247 1736 laborum
275 1697 322 1749 per
353 1680 427 1748 prole
446 1681 501 1734 sin:
530 1681 570 1735 ita
592 1684 624 1735 ut
642 1680 865 1736 obliviscerentur
881 1683 1013 1736 laborurn.
1048 1683 1089 1737 Cf.
1109 1684 1212 1742 adnott.
1232 1687 1267 1740 ad

96 1748 158 1805 (ico.
176 1748 206 1802 11
233 1752 292 1802 353.
323 1748 388 1804 Aen.
437 1752 520 1812 ,tao
552 1749 594 1802 III
623 1753 679 1802 237.
699 1750 733 1803 al.
770 1749 941 1817 (Adsentitur
959 1750 1026 1804 mihi
1043 1750 1215 1820 Conington.)
1236 1785 1265 1792 —

93 1813 156 1878 226.
186 1788 353 1870 dectores
379 1817 492 1885 primi.
528 1789 648 1896 CCVII,
672 1821 726 1871 107.
752 1817 843 1887 primi
868 1820 1013 1898 ‹trecea-
1029 1819 1118 1888 Vulgo
1145 1821 1266 1890 primi,

93 1885 231 1939 detecta
262 1885 420 1937 iaceretur.
455 1884 512 1938 Iam
542 1901 616 1953 prius
644 1884 851 1939 adnotaveram:
881 1885 995 1948 „Nescio
1012 1888 1112 1952 tamen,
1141 1904 1175 1942 an
1195 1890 1267 1944 recte

94 1951 220 2008 Postlla:
251 1950 350 2015 „Multi
367 1950 451 2006 Codd.
474 1952 511 2018 (l)
539 1959 565 2005 et
581 1952 687 2006 delecta
703 1953 834 2007 iaceam.
870 1953 1004 2008 Praefero.
1039 1955 1107 2010 Erat
1124 1956 1266 2011 consilinm

94 2019 218 2083 militare,
246 2036 278 2073 ex
306 2019 378 2072 omui
406 2018 498 2074 ordine
517 2022 544 2073 et
561 2023 652 2073 aetate
670 2020 811 2074 delectum.
847 2020 940 2074 Primi
956 2025 1085 2076 doctores
1105 2022 1267 2080 differuuta

93 2087 226 2142 iuventute
242 2087 354 2141 delcetm
390 2086 475 2140 Primi
495 2087 620 2142 ductores
640 2090 717 2141 erant
733 2088 891 2143 Mnestheus
909 2092 937 2143 et
954 2089 1086 2158 Serestus,
1104 2090 1158 2144 iarn
1176 2094 1266 2146 aetate

93 2155 220 2225 provecti
257 2155 360 2208 Aderat
376 2154 477 2221 Aletes,
508 2157 595 2208 animi
622 2162 745 2209 maurus
768 2164 794 2209 ct
811 2158 890 2209 aevi:
919 2159 988 2211 etv.
1008 2160 1065 2212 309.
1084 2163 1268 2213 memorantur

133 2222 245 2277 'mmm
273 2241 369 2276 nutare
392 2223 569 2291 locorumque
585 2230 770 2292 aeaochc,·“
802 2240 873 2277 nunc
892 2240 953 2278 cum
972 2225 1094 2279 omnibus
1112 2227 1268 2282 recentiori·

110 2307 142 2345 us
170 2290 319 2345 editoribus
337 2289 399 2344 iude
416 2290 450 2343 ab
470 2290 589 2359 Hauptio
607 2306 667 2345 eum
688 2293 795 2345 secutus
813 2308 882 2357 sum,
911 2292 1034 2360 quamvis
1051 2293 1209 2363 nesciamus,
1238 2295 1267 2348 iu

110 2359 189 2414 uibus
209 2357 293 2412 Codd.
313 2356 416 2424 Copula
434 2357 558 2420 addatur,
589 2375 657 2428 quac
686 2362 777 2412 tamen
806 2358 946 2427 legebatur
974 2359 1002 2412 iu
1020 2359 1185 2415 editionibus
1202 2365 1266 2417 ants

91 2375 218 2481 lierium.
254 2424 295 2479 Cf.
326 2426 408 2478 ctiam
427 2424 498 2479 infra
514 2442 538 2479 v.
558 2429 616 2479 rto.
639 2429 667 2480 et
684 2430 741 2481 309.
761 2426 857 2494 Wagn.
875 2425 942 2480 haec
959 2425 1117 2496 adscripsit:
1148 2429 1266 2498 „Tangi-

92 2495 136 2548 tur
164 2509 222 2547 mos
252 2492 350 2546 ducum
368 2492 556 2556 Romanorum,
589 2494 635 2562 qui
664 2496 773 2562 praeter
801 2493 907 2563 legatos
936 2493 1112 2564 tribunosque
1129 2495 1265 2550 interdum

92 2561 172 2616 stiam
203 2561 372 2614 centmiones
399 2561 517 2613 omnium
541 2561 666 2614 ordinum
684 2562 787 2630 equites
807 2577 839 2615 uc
857 2561 892 2614 ad
910 2560 1051 2615 consilium
1071 2561 1265 2627 adhibebant‚“

92 2631 119 2683 et
146 2628 175 2682 in
194 2627 290 2682 Philol.
309 2626 401 2706 Suppl.
419 2627 442 2681 1.
441 2645 485 2748 xp
505 2632 561 2682 ³89.
590 2630 746 2749 provocavit
820 2629 942 2697 Lipsiurn
960 2629 993 2683 de
1013 2629 1068 2683 mil.
1088 2631 1164 2685 Rom.
1183 2631 1219 2692 II,
1240 2636 1264 2686 8.

92 2696 164 2751 Tem.
182 2695 232 2751 III.
252 2712 278 2763 p.
296 2698 337 2749 st.
357 2695 421 2748 edrt.
466 2695 531 2749 esal.
567 2695 713 2766 C.1gitur
741 2713 822 2766 supro
839 2713 863 2750 v.
885 2700 940 2751 173.
970 2698 1138 2752 Ductores
1162 2700 1267 2768 primi

93 2763 256 2833 respondent
272 2763 438 2817 Rectoribus
468 2764 593 2817 illocalem
623 2768 650 2818 et
681 2764 786 2818 ‹lclecto
815 2765 938 2819 inventus
966 2765 973 2818 i
994 2764 1031 2818 als
1060 2766 1200 2820 aventem
1227 2767 1266 2822 ibi

48 2856 53 2868 ·
93 2831 314 2886 commemoratis.
350 2830 391 2885 Cf.
422 2832 502 2883 etiarn
528 2832 574 2898 IV,
604 2835 658 2886 130.
692 2832 764 2893 VIII,
783 2837 841 2887 499.
871 2835 910 2899 (et
928 2782 992 2899 Vll,J
1009 2835 1078 2898 672.)
1113 2833 1196 2887 Conin
1247 2852 1265 2888 n

92 2902 179 2968 putat,
212 2898 360 2966 Vergilium
389 2898 527 2951 imitatum
559 2916 616 2953 csse
641 2900 719 2954 Lucr.
737 2899 758 2961 1,
778 2903 818 2954 86.
848 2901 986 2954 Ilerctorce
1002 2902 1134 2954 Danaum
1159 2904 1193 2955 de
1246 2903 1265 2966 i,

91 2967 182 3037 prima
199 2967 330 3020 circester.
349 2995 379 3004 -
399 2966 432 3019 V.
449 2962 514 3025 227.
540 2967 686 3021 secundum
704 2967 823 3022 Servium
843 2970 885 3020 cst
902 2966 1006 3034 Lucilii,
1026 2968 1070 3036 qui
1088 2970 1121 3029 (I,
1141 2974 1162 3021 l.
1181 2968 1264 3031 Ceri.)

92 3035 128 3089 tic
145 3033 266 3102 scripsit:
288 3032 438 3087 conedam
454 3035 564 3087 ueneritis
582 3035 719 3088 bominum
736 3037 770 3085 dc
787 3037 867 3087 rebus
885 3035 1024 3088 habebant.
1038 3066 1068 3073 —
1082 3034 1146 3097 229.
1166 3037 1265 3089 Stant

93 3103 208 3169 loayia
225 3101 351 3154 adnisi
367 3101 480 3156 leuatis.
517 3102 559 3154 cf.
580 3102 658 3155 Hom.
677 3102 710 3156 ll.
729 3103 780 3167 Ill,
802 3106 857 3155 135.
878 3106 905 3154 et
923 3102 997 3163 VIII,
1016 3106 1065 3154 493
1085 3119 1141 3171 sqq.
1160 3103 1264 3157 —Pro

93 3178 118 3223 ct
135 3177 230 3223 scota
250 3176 400 3222 tenentes
422 3169 547 3223 Ribbeck.
567 3186 597 3221 ex
616 3169 680 3222 coni.
700 3185 808 3237 prorsus
826 3185 1023 3237 supervacanea
1040 3169 1125 3222 edidit
1142 3170 1171 3221 in
1187 3177 1266 3224 scotto

93 3244 200 3303 medea,
230 3237 302 3290 haud
334 3236 413 3289 dubie
442 3236 505 3305 quia
528 3236 556 3288 in
579 3253 631 3289 uno
650 3235 707 3289 Pal.
726 3252 742 3289 a
763 3253 799 3287 m.
817 3253 855 3304 pr.
874 3236 974 3304 legitur
992 3253 1024 3289 ea
1041 3244 1128 3289 emoto
1149 3269 1182 3275 -—
1199 3235 1263 3297 230.

95 3305 210 3371 „Castra
238 3304 316 3358 eraut
344 3303 371 3356 iu
391 3303 478 3371 canrpi
501 3303 614 3370 planitie
621 3325 628 3367 ς
659 3303 769 3372 ideoque
787 3304 848 3372 ipsu
865 3307 956 3357 castra
973 3320 1097 3371 campum
1117 3305 1190 3358 intra
1207 3306 1264 3359 val-

95 3372 148 3425 lum
166 3372 313 3436 habebant,
332 3373 363 3424 ut
382 3371 469 3423 sorum
489 3371 577 3425 estin
597 3370 685 3424 nredia
703 3372 794 3424 u1·bc.“
825 3372 912 3439 Hepa.
948 3371 1109 3425 Aecuratius
1127 3372 1265 3426 Donatus:

93 3440 178 3503 .,me
200 3458 231 3493 ua
250 3439 369 3507 spatium
387 3438 459 3492 intra
477 3441 567 3493 castra
585 3439 763 3494 coustitutum
781 3437 816 3492 ad
833 3442 970 3507 tractatus
986 3439 1187 3503 necessarios;“
1207 3441 1266 3510 qui-

93 3506 141 3562 bus
192 3524 255 3575 agn.
274 3506 366 3584 addit:
389 3522 470 3573 „ergo
488 3506 563 3559 locus
582 3507 609 3559 in
628 3506 725 3560 eastris
742 3506 878 3585 Rornanis,
909 3507 955 3627 qui
974 3507 1164 3587 appellabatur
1181 3508 1266 3562 Prin-

94 3576 201 3695 qpn'of‘¹
231 3574 272 3627 Cf.
293 3574 350 3626 Lrv.
370 3574 430 3637 VII,
461 3578 498 3626 l'l.
529 3575 654 3653 IIXVIII.
674 3578 714 3626 rt.
734 3575 808 3653 ,Τιιιι
828 3575 900 3627 Hist.
934 3575 969 3636 II,
992 3578 1030 3627 1³.
1061 3576 1155 3629 lustru.
1174 3576 1221 3640 XI,
1241 3579 1266 3629 o.

94 3640 1265 3772 .::.l:.¹¹¹·.⁷.·.:r..1':,:o¹:::iscurra.:tresenti-stt

95 3775 147 3831 Ecl.
167 3777 204 3839 Il,
222 3781 273 3841 43,
303 3776 336 3829 de
354 3776 440 3829 lorma
457 3778 596 3830 adure'ttr'er
614 3776 648 3829 ad
667 3776 730 3830 Geo.
749 3777 771 3839 I,
789 3780 847 3830 454.
866 3779 930 3834 Aen.
948 3777 995 3840 IV,
1013 3781 1071 3834 493.
1098 3778 1160 3841 VH,
1180 3782 1220 3830 70.
1239 3780 1266 3831 et

94 3841 257 3904 ³1.-232·
287 3844 368 3897 Rem
396 3862 549 3922 mapsam
578 3848 682 3911 (esse,
714 3859 794 3922 quam
812 3844 948 3908 adferant)
976 3848 1004 3898 ct
1048 3845 1171 3898 retium
1187 3849 1265 3911 fore

93 3929 216 3974 morae,
239 3910 296 3966 scil.
316 3911 519 3965 consultationis
537 3919 656 3981 tempore
678 3910 730 3964 sibr
748 3910 887 3965 audiendis
906 3910 970 3965 dato
989 3863 1163 3982 indiruptae.
1200 3912 1265 3978 (Ad-

94 3980 207 4034 sentitur
226 3979 291 4032 mihi
310 3978 482 4047 Conington.)
519 3979 592 4046 „Alii
610 3979 647 4032 sic
665 3981 833 4047 acceperant,
862 3981 893 4032 ut
907 3979 1029 4048 pretium
1048 3980 1084 4033 sit
1103 3997 1150 4048 pro
1171 3996 1264 4048 poena,

94 4061 167 4109 noxa,
189 4063 270 4116 quam
287 4046 383 4100 luituri
400 4047 463 4107 siut,
483 4047 506 4100 si
522 4063 574 4101 non
594 4046 728 4115 extemplo
747 4063 775 4099 so
792 4046 949 4100 admittant.
979 4047 1039 4099 Vid.
1058 4047 1149 4100 Sorv.“
1176 4047 1264 4115 Hepn.
1291 4058 1299 4072 ·

95 4113 207 4175 -233.
236 4115 387 4185 Accepit.
424 4115 464 4167 Cf.
484 4115 559 4178 VIII,
583 4118 637 4168 178.
656 4145 686 4153 -
707 4115 863 4194 trepidos
880 4130 944 4182 prae
962 4114 1140 4168 festinatione.
1180 4113 1221 4166 Cf.
1240 4131 1264 4167 v.

94 4184 148 4237 231.
167 4183 284 4249 decret,
303 4187 331 4234 et
348 4182 395 4245 XI,
413 4186 470 4235 453.
489 4183 578 4236 Arma
597 4200 677 4235 neone
695 4184 800 4262 trepidi
812 4190 938 4252 poscunt.
958 4212 989 4218 --
1008 4179 1073 4242 234.
1099 4181 1265 4233 meatibus

94 4251 273 4373 pensabat
292 4265 420 4372 tlffltf
433 4246 933 4371 tietbaldusnil·2⁸·
960 4246 1265 4369 ⁶⁶²2⁷t²t’.t.<¹³⁰²:.;

95 4334 295 4440 ursiladieosremddr1
311 4335 403 4438 udonis
421 4357 466 4450 lut
483 4335 524 4454 adl.
544 4357 601 4440 lor.
621 4384 704 4438 Andr.
724 4362 816 4448 IV,'1,
836 4356 929 4438 lisca
946 4384 1038 4437 auimo
1055 4354 1196 4452 opedam:
1216 4333 1265 4503 ldp.

94 4452 145 4509 cre.
165 4454 242 4507 Tuso.
261 4453 293 4517 V,
314 4456 353 4514 10,
373 4455 412 4505 31.
444 4469 476 4504 ea
504 4452 619 4519 stupetis
645 4453 756 4505 vocibus
773 4460 896 4522 spectare
914 4453 941 4505 et
960 4450 1078 4513 similia).
1114 4449 1156 4503 Cf.
1174 4449 1235 4503 Han
1258 4490 1263 4502 .

94 4518 168 4576 'Iura
185 4521 207 4575 1.
225 4538 251 4590 p.
271 4525 304 4574 54
323 4537 361 4589 sq.
379 4551 412 4559 -
428 4516 493 4579 236-
526 4524 615 4578 (treas
641 4521 800 4589 ferimus,
834 4519 982 4578 referimus,
1002 4516 1167 4571 nuntiamus.
1203 4517 1263 4573 Vid.

94 4589 424 4653 sd1,ots.-somno
455 4587 597 4666 or'ooqce
626 4589 743 4649 solerti,
774 4604 868 4640 somno
898 4585 989 4649 soluti,
1019 4585 1063 4654 qui
1083 4585 1173 4652 gravis
1191 4588 1265 4639 este

95 4655 161 4713 vino.
196 4656 258 4711 Vid.
276 4672 359 4724 supra
376 4673 401 4708 v.
424 4658 478 4709 itt.
515 4655 605 4707 Etiam
623 4655 667 4708 bic
686 4656 790 4724 aliquot
807 4653 890 4708 Codd.
908 4653 1016 4722 sepulti,
1046 4652 1116 4721 quod
1134 4669 1188 4708 uon
1206 4655 1265 4708 erat
