2872 5070
502 256 733 326 AENEIDOS
754 258 837 324 LIB.
860 259 904 325 X.
1214 263 1275 324 399

103 426 198 506 „Quo
220 425 316 508 fugis,
338 421 474 485 Aenea?
495 422 656 488 thalamos
676 445 716 487 ne
738 423 851 488 desere
872 432 1003 510 pactos3

104 507 178 571 Hac
200 506 331 572 dabitur
353 504 471 569 dextra
492 505 587 570 tellus
610 508 757 593 quaesita
778 529 838 593 per
855 505 993 571 undas.“
1226 518 1275 567 650

51 637 54 643 -
108 590 204 655 Talia
225 591 410 655 vociferans
433 591 578 674 sequitur
600 591 809 674 strictumque
833 599 984 655 coruscat

103 673 291 737 Mucronem
312 693 373 735 nee
393 671 479 735 ferre
501 670 591 736 videt
611 695 671 737 sua
691 671 813 758 gaudia
834 684 957 737 ventos.

104 756 206 820 Forte
227 759 307 820 ratis
328 753 405 818 celsi
426 755 598 819 coniuncta
618 755 785 841 crepidine
807 758 881 820 saxi

105 839 275 924 Expositis
298 836 406 902 stabat
427 837 524 902 scalis
546 847 579 902 et
599 847 697 924 ponte
720 848 845 925 parato,

107 920 181 999 Qua
203 943 260 985 rex
283 920 424 987 Clusinis
447 918 603 985 advectus
626 921 760 986 Osinius
781 923 858 985 oris.

107 1002 181 1067 Huc
204 1026 274 1067 sese
293 1001 424 1088 trepida
444 1003 576 1067 Aeneae
597 1004 752 1088 fugientis
771 1007 879 1088 imago

106 1085 234 1149 Conioit
254 1088 287 1148 in
308 1085 452 1149 latebras
474 1107 534 1149 nee
556 1087 687 1150 Turnus
711 1088 842 1171 segnior
863 1087 964 1151 instat

103 1168 355 1254 Exsuperatque
377 1190 486 1232 moras
509 1180 541 1232 et
560 1171 668 1255 pontis
688 1169 830 1233 transilit
851 1169 942 1234 altos.

102 1251 170 1314 Vix
192 1273 323 1337 proram
346 1253 516 1335 attigerat:
538 1254 661 1339 rumpit
683 1252 837 1316 Saturnia
857 1254 965 1316 funem

102 1333 325 1420 Avolsamque
347 1339 435 1419 rapit
457 1333 604 1399 revoluta
624 1357 684 1421 per
706 1357 850 1422 aequora
871 1357 996 1399 navem.
1222 1354 1272 1404 oto

48 1546 51 1550 ’
101 1552 150 1610 24,
170 1554 212 1601 te.
242 1577 272 1587 -
305 1550 497 1617 „torbidos,
530 1552 650 1617 tumens,
681 1550 767 1604 elatus
799 1550 966 1620 arrogantia,
994 1550 1082 1618 inquit
1104 1551 1192 1618 Serv.;
1219 1567 1278 1619 per-

102 1616 229 1669 turbatur
246 1615 305 1670 scil.
323 1632 398 1670 mens
416 1617 595 1684 superbientis
614 1621 731 1683 tumore,
757 1619 805 1682 iro,
831 1637 843 1671 s
863 1635 889 1682 e,
911 1620 1016 1672 metn.“
1050 1618 1140 1687 HerJo.
1175 1618 1227 1672 llic
1244 1618 1278 1671 de

102 1699 152 1802 Vm
171 1683 345 1751 cogitandum
364 1699 422 1737 esse
460 1689 528 1739 atet.
565 1684 607 1737 cf.
625 1685 673 1746 lX,
692 1690 732 1739 57.
752 1716 782 1724 -
802 1636 868 1746 645.
892 1687 1059 1740 thalamos
1085 1685 1220 1755 (nuptias,
1246 1687 1279 1738 ut

127 1751 226 1817 1,ot.)
259 1757 386 1820 pactos.
446 1754 465 1806 l.
484 1752 531 1816 IV,
550 1755 590 1804 99.
616 1759 718 1822 pactos
743 1755 911 1823 hyemaret.
948 1754 1026 1807 Hunc
1048 1769 1153 1807 remum
1182 1755 1278 1808 auctor

101 1817 211 1872 Medeae
228 1819 257 1871 in
273 1818 358 1872 Antb.
374 1820 435 1872 Lat.
453 1819 476 1882 l,
496 1823 553 1885 178,
570 1823 629 1874 447.
648 1819 687 1874 sic
704 1822 803 1875 sanat:
824 1824 898 1884 Quo,
916 1822 1062 1884 moriture,
1092 1821 1173 1874 rora?
1187 1822 1278 1875 tlala-

103 1902 162 1938 mos
178 1903 212 1938 oe
231 1889 325 1940 desere
340 1895 449 2007 factos,
467 1890 495 1940 et
511 1887 627 1941 alterum
647 1888 844 1943 hemistichium
862 1891 944 1942 etiarn
962 1889 1094 1959 repetitur
1109 1889 1137 1941 in
1158 1889 1278 1942 Centone

103 1953 206 2021 Vergil.
233 1953 337 2007 ibid.V
361 1994 367 2019 ,
388 1959 434 2019 84,
453 1959 494 2008 34.
522 1984 556 1993 -
585 1954 649 2015 550.
670 1957 744 2009 Hoc
772 1959 912 2010 dabitur
943 1959 1065 2010 uestra
1094 1956 1195 2010 tellus
1226 1960 1276 2011 etc.

101 2020 222 2074 Habebis
242 2021 374 2085 tellurem,
397 2022 444 2075 sed
457 2039 504 2090 pro
522 2023 652 2091 sepulcro.
690 2024 810 2079 Cinea.
823 2025 967 2092 mma·
989 2025 1036 2077 Ea
1054 2041 1138 2093 aoros
1154 2032 1179 2078 ot
1196 2041 1279 2093 ortam
1357 2022 1360 2028 ’

103 2087 325 2154 bellarminus
350 2091 444 2158 petuo
468 2091 635 2160 Hesperiam
661 2094 756 2145 metire
783 2095 885 2146 iaceas.
917 2122 944 2131 -
976 2092 1037 2153 651.
1058 2092 1161 2146 Talia
1186 2093 1278 2145 coci·

102 2157 233 2224 serore,
248 2160 285 2234 'ut
305 2129 341 2221 ll,
360 2161 419 2210 679.
440 2188 464 2195 -
488 2166 657 2225 coruscat,
675 2160 772 2214 vibrat.
791 2161 852 2213 Vid.
871 2160 905 2214 ad
923 2161 956 2227 V,
973 2163 1032 2214 ott.
1060 2191 1092 2198 -
1119 2157 1183 2221 652.
1202 2175 1278 2226 „aec

97 2225 200 2291 serra
219 2227 312 2277 ardet
329 2241 390 2277 soa
406 2228 534 2291 quadiu
553 2233 682 2289 ocutos,
711 2243 759 2280 nee
786 2228 884 2289 sensit,
902 2227 1043 2296 intelligit,
1072 2228 1278 2280 exsultationem

103 2306 181 2344 suam
198 2306 256 2344 esse
273 2292 407 2347 inanem‘·
444 2294 531 2361 Heyo.
569 2293 630 2346 Vid.
648 2294 683 2348 ad
701 2295 733 2361 V,
750 2299 809 2348 446.
827 2300 856 2347 et
872 2295 919 2361 IX,
938 2299 994 2348 312.
1031 2295 1184 2361 Conington
1206 2310 1278 2347 com·

102 2360 184 2427 parat
201 2359 264 2412 Hor.
284 2358 335 2416 Od.
353 2361 376 2424 Ι,
395 2363 437 2427 26,
455 2364 477 2414 2.
498 2363 608 2414 trama
620 2362 760 2430 protessis
786 2363 815 2414 io
831 2380 907 2415 more
925 2362 1061 2415 Creticum
1078 2361 1200 2414 Portare
1216 2377 1278 2414 cort-

103 2427 139 2478 ta's
155 2427 184 2479 et
201 2426 283 2494 Soph.
302 2426 397 2481 Trach.
416 2432 475 2482 467.
494 2428 562 2481 atta
582 2436 672 2483 storo
689 2430 744 2498 μὲν
764 2429 862 2483 ‘Petro
881 2430 942 2482 κατ’
961 2424 1052 2497 οὖρον.
1069 2459 1103 2468 -
1120 2446 1182 2481 suo
1197 2446 1278 2496 oau-

102 2495 177 2560 dir,
198 2494 269 2563 quod
286 2494 363 2548 unice
382 2495 515 2564 cupiebat,
534 2511 668 2549 summum
682 2500 784 2558 votum,
801 2500 914 2549 mortem
934 2496 992 2549 scil.
1003 2497 1116 2550 Aeneae.
1151 2498 1278 2550 Ceterum

102 2561 138 2615 cl.
157 2560 261 2616 adnott.
283 2562 317 2614 ad
335 2563 367 2629 V,
387 2567 446 2615 446.
465 2565 493 2615 et
510 2563 558 2629 IX,
575 2567 625 2615 312
642 2579 682 2632 sq.
713 2595 746 2601 —
774 2562 836 2624 653.
856 2564 943 2631 Heyn.
974 2565 1140 2643 suspicatur,
1169 2563 1279 2617 stetisse

103 2630 218 2682 fortaoee
236 2645 330 2682 navem
348 2629 391 2683 ita
407 2631 545 2710 admotam
573 2630 652 2710 litori¹
664 2647 773 2697 saxoso,
803 2634 834 2684 ut
857 2648 925 2712 pons
951 2631 1104 2704 applicatus
1122 2635 1200 2712 esset.
1235 2630 1277 2683 Cf.

103 2695 1279 2842 totitatis-tultus?tt?tittttttttt,tttnttttut

103 2834 158 2886 Cro.
177 2831 319 2895 delini,
339 2839 364 2898 5,
385 2838 423 2887 17.
455 2835 522 2901 etl,
541 2840 587 2898 st,
612 2838 670 2889 243.
704 2835 781 2888 Adde
807 2835 842 2888 ad
871 2835 930 2890 Div.
950 2837 986 2902 V,
1006 2836 1096 2890 13.‘in
1113 2835 1183 2889 Phil.
1202 2835 1235 2898 V,
1254 2839 1278 2896 7,

106 2904 148 2955 20.
167 2903 220 2953 etc.
240 2931 271 2938 -
292 2903 450 2972 „crepido
467 2903 558 2964 aaut,
588 2902 621 2957 de
639 2902 718 2957 litore
736 2907 884 2972 quaetenus
909 2903 1024 2972 eminet,
1052 2902 1189 2972 lapidibus
1208 2902 1278 2954 enirn

103 2968 296 3036 arboribusque
316 2968 435 3037 riparum
452 2985 564 3023 ancorae
592 2971 649 3024 loco
679 2987 760 3025 naves
777 2970 905 3039 alligatas
934 2986 992 3024 esse
1016 2973 1152 3024 constat.“
1188 2969 1277 3038 Heyo.

104 3035 147 3090 Cl.
166 3036 226 3103 Vll,
249 3039 304 3089 106,
324 3036 443 3105 lnterpp.
462 3037 497 3090 ad
516 3037 581 3091 Hor.
607 3037 758 3102 0d.1,³2‚
779 3046 801 3093 7.
830 3042 858 3091 et
876 3038 1003 3093 Valcken.
1034 3037 1069 3090 ad
1086 3037 1148 3091 Eur.
1166 3035 1277 3105 Hippoi.

104 3106 161 3156 752.
179 3119 196 3157 a
213 3103 315 3157 Tbielio
335 3103 407 3158 laud.
426 3135 457 3142 -
476 3104 541 3165 654.
560 3105 600 3159 Cf.
618 3121 735 3174 suptar.
748 3108 795 3159 287
816 3123 855 3175 sq.
868 3136 901 3146 -
920 3104 984 3167 555.
1003 3105 1088 3173 Heyn.
1106 3104 1160 3171 (cui
1172 3106 1277 3172 Wagn„

104 3169 211 3224 Ladew.
231 3171 431 3238 adsentiuntur)
449 3175 530 3240 putat
549 3173 699 3227 Osinium
731 3174 847 3227 fortasse
864 3173 973 3227 Lartem
995 3172 1168 3226 Clusinorum
1186 3171 1279 3233 iubae,

104 3238 150 3306 qui
164 3239 215 3291 sub
231 3239 354 3303 Massico,
374 3240 459 3293 totius
477 3239 592 3308 agminis
612 3240 688 3305 duce,
706 3242 779 3309 parti
796 3242 928 3294 exercitus
952 3243 1097 3308 praeesset,
1116 3239 1179 3292 coll.
1197 3254 1279 3306 supra
1330 3301 1331 3304 Ἴ

104 3321 129 3358 v.
150 3310 219 3370 ttt.;
238 3307 346 3361 Servius
363 3309 455 3361 autern
474 3307 598 3360 Osinium
615 3311 644 3361 et
661 3309 805 3362 Massicum
826 3307 943 3362 eiusdem
961 3308 1076 3362 bominis
1094 3307 1203 3361 nomina
1221 3321 1278 3359 essa

105 3376 204 3441 conset,
222 3376 353 3443 utsupra
371 3375 490 3438 mssa.
523 3375 680 3432 Numanum
696 3376 848 3433 Remulum.
866 3407 898 3415 -
916 3375 980 3437 ost.
999 3376 1034 3427 io
1059 3376 1222 3441 latebras,
1251 3373 1279 3425 in

104 3441 193 3494 locum
218 3441 342 3496 abditum
372 3442 482 3511 navigii,
512 3442 558 3495 ubi
586 3443 693 3498 lateret.
728 3444 883 3513 Conington
912 3445 1052 3512 comparat
1069 3443 1132 3497 Geo.
1151 3442 1202 3506 IV,
1221 3444 1279 3496 423.

104 3509 162 3561 Hic
178 3510 299 3564 euoenon
317 3511 347 3564 r'o
365 3512 478 3565 morte
495 3539 507 3550 -
529 3511 691 3566 -Collocut
712 3541 747 3551 —
768 3530 826 3566 aec
846 3514 977 3565 Turnus
1000 3512 1143 3580 sequior
1166 3511 1280 3562 instat.

103 3575 145 3631 Ci.
162 3577 245 3631 Antb.
265 3578 324 3632 Lat.
343 3578 379 3643 ΙΙ,
395 3583 451 3642 194,
471 3582 511 3633 58.
541 3587 571 3631 ot
598 3581 706 3633 Aeneas
733 3579 804 3633 bello
831 3597 886 3633 ooo
917 3580 1028 3648 recolor
1053 3580 1144 3647 imtot.
1162 3608 1195 3617 —
1213 3576 1279 3637 658.

103 3661 224 3706 moros,
242 3662 289 3701 sc.
319 3647 463 3700 scalarum.
480 3677 513 3687 -
531 3646 594 3709 659.
620 3648 678 3701 Vir
700 3658 843 3717 proram
868 3649 1046 3716 ottiqerot:
1074 3647 1200 3717 rumpit
1215 3649 1280 3698 cett.

103 3710 178 3762 Alibi
200 3712 228 3762 in
257 3714 388 3767 eiusmodi
416 3715 480 3768 locis
499 3715 578 3783 Verg.
608 3731 657 3784 pro
683 3715 812 3783 asyndeto
838 3716 926 3768 utitur
956 3713 1143 3769 coniunctione
1172 3715 1280 3767 seuwu-

103 3778 204 3829 tiarum
234 3795 281 3846 per
297 3782 344 3834 cie
363 3810 375 3821 -
392 3810 404 3823 ·
461 3800 483 3843 e,
502 3784 549 3835 cic
567 3809 602 3823 ··
618 3789 649 3839 et.
690 3781 748 3839 Vid.
778 3781 884 3837 adnott.
912 3782 947 3836 ad
963 3784 1029 3836 Aen.
1047 3783 1085 3850 11,
1108 3786 1166 3836 692.
1201 3783 1280 3834 Cete-

105 3861 166 3899 rum
194 3847 228 3898 cl.
247 3862 329 3914 supra
356 3848 391 3903 ad
445 3889 453 3916 ,
490 3854 532 3904 0³.
563 3849 666 3904 adnott.
695 3882 725 3891 —
757 3849 821 3910 660.
838 3867 985 3919 aequora
1012 3850 1171 3904 reuoluto
1193 3849 1280 3916 Heyn.
1339 3896 1343 3920 3

104 3917 177 3965 recte
199 3913 232 3965 dc
251 3914 381 3968 fluctuum
397 3933 503 3971 recessu
520 3934 537 3971 a
555 3917 634 3972 litore
652 3918 800 3985 intelligit;
826 3934 857 3971 eo
875 3918 946 3972 enim
963 3919 1039 3972 naris
1058 3917 1086 3971 in
1106 3918 1192 3971 altum
1210 3916 1282 3970 abri-

104 3982 186 4050 pitur,
206 3997 275 4049 quac
292 3986 367 4048 post,
396 3984 525 4038 redeunte
542 4001 665 4049 accessu,
687 4001 782 4054 rursus
801 3985 921 4040 defertur
938 3986 973 4039 ad
990 3991 1097 4040 terram
1136 3985 1187 4053 (Cl.
1210 3985 1281 4036 inira

104 4064 129 4100 v.
153 4054 201 4101 tbi
226 4053 279 4117 sq.)
312 4050 356 4103 Sic
375 4051 456 4104 etiam
474 4053 569 4121 Wagn.
587 4053 616 4106 in
637 4055 702 4107 min.
723 4053 787 4107 edit.
811 4053 899 4106 locum
922 4054 1050 4122 explicat,
1079 4052 1125 4122 qui
1155 4054 1236 4105 autea
1252 4051 1279 4102 in

106 4117 168 4171 mai.
187 4117 250 4171 edit.
271 4117 337 4170 haec
354 4117 544 4173 adnotaverat:
576 4121 746 4188 „Recoluom
762 4122 815 4173 iter
831 4136 893 4174 cum
911 4137 993 4189 supra
1008 4122 1131 4189 legamus
1147 4118 1195 4184 IX,
1214 4122 1282 4179 ³91„

105 4185 228 4306 {tlte
244 4186 524 4307 illinitisll'lll
553 4189 701 4308 {CCC
716 4189 769 4285 ,5¹⁰
797 4188 894 4309 “Vl
922 4203 1130 4310 tffittttt
1148 4185 1281 4305 t'ltt

106 4320 172 4372 bene
189 4321 422 4395 sic-collocantur:
446 4269 504 4374 doti.
536 4271 713 4377 illseuaeqciitl.
733 4327 791 4377 tot.
825 4272 998 4377 Osbaiosoiit.
1020 4326 1077 4375 661.
1116 4269 1185 4372 'lirun
1213 4319 1281 4373 aas

105 4389 171 4439 cett.
200 4392 257 4441 tot.
305 4388 357 4443 Sed
385 4389 497 4442 aaronis
526 4393 604 4456 cett,
635 4391 739 4445 Puncto
768 4393 831 4460 post
858 4393 943 4445 morti
974 4391 1075 4460 posito;
1104 4404 1155 4456 quo
1189 4390 1281 4440 tamen

106 4470 231 4508 versuum
248 4457 340 4511 ordine
358 4458 510 4509 contortam
527 4458 597 4510 effici
616 4460 791 4522 sententiam,
822 4474 882 4511 cunr
899 4461 954 4513 iam
980 4456 1085 4524 antiqui
1103 4454 1281 4509 Crammatici

106 4527 149 4587 rut
167 4523 304 4577 Urbanos:
322 4525 375 4580 rid.
394 4524 467 4578 Serv.
484 4525 518 4577 ad
537 4525 562 4579 h.
582 4525 610 4589 l.)
637 4526 834 4596 intelligerent,
861 4526 919 4579 loco
947 4527 1109 4579 correctione
1128 4535 1281 4575 succurrere

106 4589 277 4655 studuerunt,
296 4594 456 4646 scribentes:
475 4592 529 4645 Ito
546 4600 635 4646 uatem
646 4595 766 4649 Aeneam
785 4599 844 4660 etc,
862 4596 894 4647 ut
905 4595 1013 4646 Aeaeos
1030 4590 1279 4659 olrserrsimagineu'

104 4657 133 4708 iu
150 4673 217 4711 nave
233 4661 365 4714 latentem
394 4665 422 4713 et
450 4678 572 4731 corporo
598 4663 688 4716 otram
704 4668 802 4717 nautas
830 4663 859 4713 in
884 4676 953 4714 nave
981 4661 1105 4713 inventos
1133 4657 1256 4727 significo
