2872 5070
498 238 727 307 AENEIDOS
748 238 834 306 LIB.
856 239 932 307 XII.

124 403 304 552 sslultaque
328 425 361 467 se
382 405 519 480 incusat,
541 410 679 492 quinon
700 427 777 470 acce
803 408 865 469 erit
887 414 961 469 ante

159 488 329 551 ardumum
353 488 485 550 Aenean
531 511 725 588 enerumque
747 513 766 553 a
791 489 924 552 sciverit
943 483 1050 572 ultro]

63 599 69 605 ·
122 592 157 639 J.
204 571 332 633 Interea
352 578 496 634 extremo
543 571 657 637 ellator
677 596 711 636 ιιι
734 593 873 660 aequore
895 570 1025 634 Turnus

123 652 269 716 Palantia
293 652 437 737 sequitur
459 675 583 739 paucos
604 657 670 719 iam
693 660 824 740 segnior
846 664 942 740 atque

122 738 192 799 lam
216 736 320 798 minus
344 745 441 820 atque
463 737 568 801 minus
590 759 743 803 successu
764 738 869 802 laetus
891 758 1056 822 equorum.

123 817 239 881 Attulit
260 817 345 880 hunc
365 817 413 882 illi
436 821 540 882 caecis
562 820 740 885 terroribus
761 842 841 885 aura

124 901 344 966 Commixtum
367 899 541 964 clamorem
563 912 707 966 arrectas
731 925 770 966 ue
792 901 910 988 inpulit
931 902 1020 964 auris

125 983 287 1048 Confusos
309 1005 407 1048 sonus
429 983 520 1048 urbis
543 995 575 1048 et
594 925 782 1050 inlaetalile
804 1007 957 1048 murmur.

122 1067 205 1146 „Hei
225 1065 318 1130 mihi!
341 1065 419 1152 quid
441 1077 531 1131 tanto
555 1065 727 1132 turbantur
750 1069 877 1132 moenia
899 1066 1010 1131 luctu?

125 1150 246 1226 Quisve
269 1151 334 1211 ruit
355 1160 462 1213 tantus
483 1149 614 1214 diversa
636 1150 759 1215 clamor
781 1150 823 1215 ab
844 1148 973 1213 urbe?“

124 1231 179 1293 Sic
201 1233 247 1294 ait
268 1230 416 1295 adductis
439 1254 480 1296 ue
502 1255 613 1297 amens
636 1232 783 1298 subsistit
800 1232 948 1297 habenis.

124 1315 231 1398 Atque
254 1313 339 1395 huic,
361 1316 394 1378 in
416 1254 532 1379 laciem
556 1338 648 1381 soror
669 1328 705 1381 ut
727 1338 886 1382 conversa
906 1315 1035 1379 Metisci

123 1398 270 1480 Aurigae
294 1418 487 1482 currumque
509 1408 541 1462 ct
562 1421 660 1483 equos
683 1410 715 1463 et
735 1398 807 1464 lora
827 1398 972 1484 regebat,

119 1477 264 1542 ‘l'alibus
288 1483 430 1543 occurrit
453 1481 561 1545 dictis:
584 1481 687 1564 „Hae
710 1483 827 1564 Turne,
850 1503 1024 1568 sequamur

124 1561 337 1649 Troiugenas²
361 1585 424 1648 qua
447 1567 553 1650 prima
574 1567 660 1629 viam
682 1567 822 1630 victoria
843 1564 972 1651 pandit;

125 1646 206 1707 Sunt
228 1645 293 1722 alii,
316 1649 370 1731 qui
392 1657 479 1710 tecta
499 1670 598 1711 manu
619 1648 791 1712 defendere
812 1649 948 1734 possint.

121 1727 249 1810 Ingruit
266 1730 394 1792 Aeneas
416 1729 509 1794 Italis
531 1740 563 1795 et
584 1731 710 1816 proelia
732 1733 854 1808 miscet,

122 1935 328 1943 -—-—-..-——-

122 2065 181 2118 Vss.
200 2064 266 2124 612.
284 2066 312 2118 ct
328 2063 402 2127 613..
434 2065 478 2133 qni
508 2065 697 2120 desiderantur
726 2067 753 2120 in
783 2068 906 2122 omnibus
924 2066 1079 2120 melioribus
1097 2065 1181 2122 Codri.
1199 2067 1290 2133 (Med,

121 2133 187 2195 Pal,
206 2133 292 2194 Rom„
311 2131 391 2197 (iud,
412 2132 491 2188 Bern.
510 2133 555 2194 11..
576 2133 657 2200 aliis),
676 2151 762 2203 neque
779 2151 796 2188 a
813 2136 904 2189 Servio
923 2136 950 2187 et
960 2134 1066 2187 Donato
1084 2150 1292 2189 commemoran-

121 2199 874 2269 tur,aCnningh.,Brunckio‚Heynio,Iahnio‚Peerlkam
895 2201 1292 2271 io(qniv.ssll.legendumpn·

121 2270 175 2320 tat:
190 2275 224 2320 et
238 2269 325 2321 aciem
342 2274 412 2320 vecte
425 2296 438 2346 '.
452 2295 463 2306 ·
476 2266 589 2337 pulvere
606 2273 745 2347 turpat),
759 2219 1028 2349 Brycealllibpeekio
1043 2269 1100 2389 (qdni
1116 2269 1198 2322 etiarn
1215 2270 1250 2349 ci:
1264 2269 1293 2323 in

120 2334 228 2402 Proleg.
246 2351 270 2402 p.
290 2337 351 2402 86.),
374 2333 500 2403 Conmgt.
519 2339 547 2389 et
564 2335 700 2397 Reserate,
719 2353 767 2390 nec
786 2353 840 2391 non
858 2354 874 2391 a
891 2337 1043 2392 Werehcrto
1080 2352 1194 2390 eversa.
1213 2353 1292 2390 mrur.

120 2404 380 2538 iipltl'sllsll
396 2401 1293 2539 Atellteltttt.ltt·.ttl0tl.{illustrato

121 2511 193 2591 aurit.
230 2538 326 2606 Wagn.
345 2540 436 2591 autern
455 2537 587 2606 singulari
605 2510 715 2592 excur’au
733 2538 812 2591 adh.
830 2538 849 2592 l.
868 2555 913 2592 eos
932 2536 1061 2601 defendit,
1085 2539 1201 2605 primum
1220 2537 1291 2607 qnod

120 2621 175 2658 non
196 2604 230 2658 ad
250 2606 361 2659 verbum
380 2621 411 2658 cx
429 2604 476 2657 illo
494 2606 551 2658 loco
569 2608 735 2673 repetantur,
754 2605 801 2659 sed
819 2622 867 2674 pro
884 2622 957 2660 more
970 2604 1084 2674 Vergilii
1102 2605 1215 2674 singulis
1235 2605 1292 2676 qui·

122 2673 237 2727 busdam
270 2671 379 2727 vocibus
408 2672 518 2735 mutati,
546 2672 648 2727 librarii
676 2676 767 2728 autem
786 2673 916 2727 eiusmodi
935 2689 1028 2727 versus
1048 2672 1168 2743 integros
1186 2673 1293 2727 soleant

121 2740 331 2804 transscribere;
361 2743 421 2793 tum
468 2739 524 2794 uod
552 2740 585 2794 iis
615 2740 722 2794 omissis
746 2740 816 2796 desit
834 2740 946 2811 aliquid,
976 2756 1028 2811 quo
1044 2743 1121 2795 totus
1137 2741 1213 2795 locus
1230 2757 1247 2794 a
1266 2744 1294 2795 to

124 2808 275 2887 claudatur,
306 2756 468 2886 cumsapudl
479 2807 630 2886 Vergilium
648 2824 781 2877 nusquam
800 2809 935 2863 sententia
951 2808 1032 2879 plane
1049 2808 1174 2887 absoluta
1191 2809 1219 2861 in
1238 2757 1293 2862 llo·

126 2876 285 2929 minatrvum
305 2874 446 2944 Partrcrpu
463 2891 533 2929 exire
551 2875 638 2929 soleat
654 2875 718 2943 (vid.
736 2876 840 2931 aduott.
859 2875 893 2930 ad
911 2877 958 2939 Xl,
978 2879 1060 2943 831.);
1091 2875 1205 2944 demque
1223 2876 1292 2945 quod

123 2943 201 2996 facile
221 2942 311 2996 omitti
328 2943 473 3011 potuerint
504 2958 564 2996 curn
585 2945 612 2997 in
631 2943 701 2998 Med.
721 2961 747 2996 v.
766 2948 824 2998 tlt.
845 2944 956 2998 ultimus
974 2944 1019 3010 sit,
1046 2959 1124 3012 quem
1143 2959 1175 2996 ea
1193 2943 1294 3011 pagina

122 3011 221 3079 capiat,
254 3011 375 3064 Servium
404 3012 495 3063 autem
513 3013 541 3064 et
558 3011 695 3064 Donatum
712 3027 766 3074 eos,
796 3014 890 3081 utpote
909 3011 963 3065 iam
981 3027 1063 3079 supra
1079 3010 1170 3072 lectos,
1202 3009 1293 3077 negle-

122 3079 200 3146 xisse,
231 3079 329 3132 mirum
347 3076 432 3131 videri
450 3094 501 3131 non
519 3079 615 3147 possit.
649 3078 723 3143 Quae
741 3079 831 3133 omnia
849 3079 923 3148 prins
942 3095 985 3131 me
1003 3079 1152 3137 moverant,
1172 3080 1204 3129 nt
1222 3081 1293 3130 aste·

121 3145 205 3200 riscos
223 3161 283 3199 cnm
301 3146 396 3214 Wagn.
415 3144 547 3209 tollerem,
576 3146 604 3199 in
640 3162 674 3200 uo
693 3163 742 3199 nos
759 3146 845 3200 secuti
863 3149 928 3199 sunt
944 3144 1046 3211 Gossr„
1075 3144 1166 3212 Srpfl„
1192 3143 1293 3212 Haupt.

122 3217 150 3267 et
166 3212 287 3281 Ladew.;
318 3229 389 3267 nunc
418 3215 509 3266 tamm
536 3213 569 3267 ob
587 3161 670 3267 Cddd.
692 3213 844 3278 accuratius
863 3213 1023 3266 collatorum
1040 3211 1230 3265 auctoritatem
1249 3227 1293 3265 eos

121 3283 197 3335 uncis
215 3281 380 3336 inclusimus.
400 3311 432 3319 —
451 3279 515 3339 614.
545 3280 753 3343 „Revocandnm
775 3281 803 3332 in
820 3283 946 3341 mentem,
977 3278 1047 3349 quod
1064 3279 1179 3333 Iuturna
1197 3277 1232 3332 ad
1249 3295 1293 3333 er-

121 3353 222 3403 tremos
251 3348 359 3402 ordines
376 3347 495 3402 Turnum
525 3348 685 3402 deduxerat:
715 3364 740 3401 v.
759 3351 809 3402 483
830 3365 889 3418 sqq.
922 3347 1000 3402 Nunc
1020 3347 1098 3400 illum
1117 3362 1201 3414 paror
1218 3346 1293 3400 subit

122 3433 182 3470 curn
201 3415 374 3484 poenitentia,
394 3431 454 3469 cunr
473 3416 566 3470 urbem
587 3416 739 3486 oppugnari
755 3416 843 3479 ridet3
860 3415 980 3477 taudem,
999 3430 1067 3468 novo
1084 3413 1180 3468 nuntio
1198 3414 1293 3469 aSace

122 3487 241 3562 acceptq
266 3500 346 3538 curru
365 3483 456 3539 desilit
473 3483 553 3537 etad
571 3487 665 3538 urbem
682 3485 837 3552 properat.“
871 3483 917 3536 He
954 3526 960 3538 .
979 3512 1013 3521 -
1032 3481 1225 3560 dliigma'aes
1242 3490 1293 3536 at·

121 3569 181 3673 a
198 3550 458 3685 r·
471 3551 573 3673 ra·
591 3551 687 3673 aa
707 3550 940 3697 reare
958 3549 1292 3697 cursatea

123 3686 209 3765 lleyn.
229 3690 331 3764 accipit
345 3685 378 3739 de
394 3702 531 3755 processu,
561 3702 690 3767 procursu
707 3702 845 3755 equorum,
875 3700 951 3739 curus
968 3685 1098 3738 velocitas
1115 3701 1214 3766 seusun
1233 3702 1293 3739 sen-

121 3753 1293 3897 taeitostattattltttaltss·altftttttttttttttlff·..li

122 3903 189 3949 rore,
220 3902 294 3939 eurus
324 3903 431 3943 causam
461 3889 610 3944 'norabat
646 3889 697 3959 [Os.
726 3888 831 3943 adnott.
862 3887 897 3941 ad
914 3887 976 3942 Geo.
996 3888 1019 3952 Ι,
1037 3890 1078 3942 89.
1096 3891 1154 3966 462.
1182 3889 1305 4010 steps.

121 3953 185 4012 618.
214 3962 367 4008 arrectas
386 3955 472 4010 adan
493 3957 599 4011 iendnm
618 3957 727 4020 ouria,
757 3957 788 4008 nt
806 3955 843 4017 ΙΙ,
862 3958 919 4009 303.
938 3985 971 3995 -
989 3956 1045 4018 „in
1076 3956 1155 4019 alst,
1178 3958 1210 4008 ut
1252 3970 1291 4009 eo.

121 4021 167 4083 IV,
186 4025 253 4087 439..
283 4022 393 4100 gravius
421 4024 541 4087 verbum,
571 4040 651 4095 qnam
681 4024 732 4077 sim
750 4023 835 4094 lexp
900 4023 938 4091 ia·
967 4022 1023 4076 Cic.
1060 4021 1291 4084 eN.1).11‚ar.

120 4107 213 4143 seusus
242 4087 373 4158 (auditus)
402 4109 421 4145 a
448 4092 561 4146 occides
609 4092 692 4146 alna.
726 4041 759 4144 do
779 4091 805 4144 h.
878 4091 897 4144 t.
920 4094 993 4144 1173.
1024 4095 1073 4142 καί
1122 4107 1134 4142 ε
1163 4089 1292 4158 φθόγγος

121 4161 234 4224 οἰκείων
262 4155 356 4222 βάλλει
377 4157 415 4210 δι’
435 4156 544 4214 ὤτωνέ*
621 4177 684 4228 uqa.
702 4188 735 4197 -—
752 4106 784 4213 2
802 4154 866 4218 620.
896 4175 924 4213 re
944 4157 1028 4212 etitur
1044 4156 1072 4210 in
1089 4110 1171 4210 luth.
1189 4157 1250 4210 Lat.
1267 4155 1291 4219 1,

122 4228 177 4289 128,
196 4228 255 4278 408.
273 4255 306 4263 -
324 4221 386 4283 621.
415 4225 556 4280 diversa
573 4228 612 4281 ab
629 4229 720 4289 erbe,
747 4225 774 4278 in
794 4224 900 4281 diversa
929 4224 1042 4345 remisi
1060 4232 1136 4292 parte
1155 4223 1221 4276 sita:
1239 4222 1292 4277 ela-

120 4308 179 4346 mor
208 4292 279 4346 enirn
309 4292 334 4346 ei
357 4294 469 4362 atergo
487 4293 601 4349 oritur.“
636 4294 726 4363 Heye.
762 4292 803 4347 Of.
822 4291 926 4349 adnott.
945 4292 980 4346 ad
1041 4294 1092 4358 ,4.
1111 4319 1143 4328 -
1159 4289 1216 4351 623
1234 4307 1292 4360 sqq.

120 4359 161 4415 Cf.
181 4377 212 4413 sn
232 4376 263 4414 ra
280 4377 304 4413 v.
323 4364 372 4414 468
392 4377 451 4440 sqq.
468 4388 502 4398 —-
521 4358 587 4422 625.
617 4360 771 4415 occurrit
787 4360 904 4424 dietis,
921 4359 1021 4414 refellit
1039 4373 1079 4420 ea,
1100 4358 1292 4426 quaesumus

119 4426 152 4507 de
172 4377 302 4508 rediupdi
319 4427 481 4508 necessrtatc
499 4426 620 4482 dicturus
638 4431 687 4484 est.
706 4460 739 4469 —
756 4424 824 4488 626.
841 4426 978 4482 Heinrich.
1002 4425 1172 4508 Victoria,
1192 4425 1293 4480 maiore

120 4494 204 4550 litera
228 4495 329 4550 initiali
357 4493 528 4550 scribendum
545 4511 603 4551 esse
619 4497 717 4553 censet.
739 4527 771 4536 -
790 4493 855 4557 627.
885 4495 1052 4563 comparant
1068 4491 1146 4548 Hom.
1165 4493 1199 4547 ΙΙ.
1216 4492 1292 4557 ΧΙΠ,

118 4566 167 4614 312
186 4580 198 4615 s
218 4580 244 4633 q.
264 4595 296 4604 -
315 4583 412 4619 manu
434 4564 634 4630 defendere.
668 4563 729 4618 vid.
748 4579 829 4633 supra
847 4562 882 4618 ad
900 4579 924 4616 v.
945 4566 986 4615 23.
1005 4591 1039 4598 -
1056 4557 1120 4619 628.
1147 4559 1290 4628 rnqreia

119 4627 161 4682 ef.
178 4579 226 4695 Xl,
245 4635 302 4688 899.
321 4664 355 4673 -—
371 4629 514 4703 proelia
531 4632 654 4687 miscet.
689 4631 729 4686 Oi.
750 4631 814 4686 Geo.
832 4631 869 4698 11,
887 4633 945 4684 282.
965 4627 1016 4693 ΙΙΙ,
1035 4631 1094 4683 220.
1113 4629 1179 4682 Aen.
1196 4628 1232 4693 X,
1251 4630 1291 4683 23.
