2872 5070
180 251 241 315 612
534 249 572 314 P.
597 247 781 316 VERGILI
802 244 1002 314 Mauortis

179 413 255 479 Una
278 414 465 500 superstitio
487 415 615 500 superis
636 438 719 503 quae
741 414 870 480 reddita
892 413 988 480 divis.

179 496 224 561 Et
243 518 329 561 nunc
352 497 432 562 cedo
455 498 604 585 equidem
626 521 818 585 pugnasque
839 520 941 563 exosa
963 497 1120 584 relinquo.

179 580 264 645 Illud
286 589 327 662 te,
347 580 437 647 nulla
457 582 518 646 fati
539 580 626 666 quod
647 580 719 666 lege
740 590 876 664 tenetur,

179 662 244 728 Pro
266 662 362 727 Latio
384 664 539 747 obtestor,
560 686 621 750 pro
642 666 812 730 maiestate
833 674 977 730 tuorum:

180 745 264 812 Cum
285 748 350 810 iam
373 746 519 812 conubiis
541 769 655 834 pacem
677 746 836 830 salicibus,
860 758 940 830 cato,

179 827 381 915 Cauponem,
402 852 476 894 eum
497 832 562 894 iam
584 829 672 914 legen
695 841 727 896 et
747 830 880 895 foedera
899 832 1043 917 iungant,

179 913 228 976 Ne
250 921 343 977 vetus
364 912 537 998 indigenas
556 936 673 978 nomeu
695 924 823 978 mutare
843 913 980 979 Latinos

178 995 249 1060 Neu
272 995 377 1060 Troas
396 995 467 1060 fieri
489 995 603 1061 iubeas
624 996 833 1083 Teucrosque
855 999 967 1062 vocari

178 1077 245 1141 Aut
267 1101 380 1143 vocem
402 1088 529 1143 mutare
550 1080 638 1144 viros
661 1089 716 1143 aut
736 1089 865 1145 vertere
886 1088 1017 1144 vestem.

178 1160 229 1225 Sit
249 1161 390 1244 Latium,
413 1163 478 1226 siut
498 1161 620 1227 Albani
640 1184 700 1248 per
722 1161 853 1227 saecula
874 1184 980 1247 reges,
1048 1247 1053 1259 Ι

177 1349 386 1358 ——0—-0-

176 1478 350 1547 construitur,
381 1495 427 1548 per
456 1494 536 1547 quam
566 1478 671 1531 iuratur
697 1481 739 1546 (ut
756 1493 798 1548 ap.
817 1477 918 1532 Catull
937 1475 1023 1530 LXVI
1040 1476 1156 1544 (LXIV),
1175 1481 1216 1532 40.
1246 1479 1354 1532 adiuro

434 1544 1196 1678 ns

175 1631 295 1748 nif'u,
307 1655 361 1736 ’na
381 1658 420 1751 s'q.
449 1681 482 1745 x,
502 1631 558 1733 ria.
577 1680 611 1734 n.
631 1632 718 1734 '‘ei'n
738 1632 814 1735 no'it
834 1631 944 1744 uva,
964 1629 1079 1734 edna
1100 1628 1353 1764 adiutamur

175 1752 285 1818 Σιυγός
322 1749 411 1819 ὕδωρ,
444 1746 512 1801 ὅστε
539 1751 674 1818 μέγιστος
696 1746 795 1815 Ὅρκος
824 1745 991 1808 διινόιαιός
1022 1766 1052 1799 τε
1082 1749 1160 1800 πέλει
1187 1762 1351 1816 paeruptum

175 1823 278 1871 arctoe.
297 1847 328 1856 -
347 1815 619 1886 inplacabile,
646 1831 682 1869 ac.
710 1814 827 1884 periurio
844 1813 924 1868 facto.
943 1844 977 1852 —
994 1814 1025 1869 V.
1043 1812 1105 1874 817.
1136 1813 1205 1868 citat
1222 1814 1350 1868 Lactent

174 1884 242 1938 Inst.
272 1883 301 1947 1,
334 1887 370 1937 11.
401 1914 434 1923 -
464 1880 528 1940 818.
567 1899 685 1949 „nna,
721 1881 748 1935 h.
778 1898 801 1936 e.
836 1898 904 1951 quae
933 1881 1049 1935 maxima
1077 1881 1251 1936 iurisiurandi
1281 1883 1352 1936 Inter

175 1951 238 2006 deon
269 1954 311 2004 est
338 1951 446 2019 religio;
476 1949 616 2018 obstringo
645 1967 688 2003 me
716 1948 886 2003 iureiurando
905 1949 1104 2003 sanctissimo.“
1127 1948 1215 2019 Hepn
1235 1981 1268 1990 -
1285 1967 1349 2003 aa·

172 2018 369 2088 paratitlo
400 2032 448 2085 pro
481 2016 621 2085 religione,
656 2033 736 2085 quam
773 2017 856 2071 habet
883 2015 1083 2079 iusiurandum,
1120 2019 1149 2070 et
1181 2026 1257 2070 metu
1288 2016 1351 2070 inde

173 2085 330 2155 prodeunte.
379 2083 469 2140 Goser.
507 2085 650 2150 memorat,
689 2084 727 2137 eic
767 2085 849 2138 etiam
883 2083 1042 2153 religionem
1081 2083 1187 2152 saepius
1226 2083 1281 2138 dici
1318 2083 1351 2138 de

175 2169 218 2215 eo,
247 2169 278 2206 ex
307 2168 359 2220 quo
388 2150 482 2219 religio
510 2152 625 2215 oriatur,
656 2154 689 2205 ut
720 2168 764 2221 ap.
793 2151 849 2206 Cic.
879 2168 919 2220 pr.
950 2150 1029 2205 Reno.
1060 2152 1120 2205 nm.
1152 2154 1192 2207 29.
1222 2169 1350 2220 magnam

172 2220 331 2288 religionum
360 2219 487 2288 poaaidet
515 2227 650 2288 paternae
685 2227 875 2288 maternumque
905 2219 1018 2286 anaqam
1053 2221 1081 2272 et
1113 2233 1156 2286 ap.
1190 2217 1262 2272 Plin.
1301 2217 1349 2286 xl,

172 2292 214 2342 45.
247 2288 345 2341 Diona
372 2288 434 2340 loeo
464 2293 567 2340 mntnto
596 2285 754 2353 religionem
782 2304 839 2340 non
867 2286 967 2342 amiud.
998 2317 1030 2324 —
1058 2287 1160 2339 redd
1168 2285 1180 2338 i
1187 2293 1244 2353 ta,
1274 2285 1349 2353 data,

174 2355 331 2410 constituta.
368 2353 409 2410 ef.
439 2355 531 2407 tamen
560 2353 665 2407 adnott.
696 2354 730 2407 ad
761 2354 814 2417 ΠΙ,
843 2356 901 2407 333.
921 2385 952 2392 -
971 2351 1035 2413 819.
1064 2351 1159 2406 Illud
1185 2361 1215 2405 te
1232 2381 1244 2393 ·
1263 2381 1276 2394 ·
1293 2353 1349 2408 ab·

173 2430 288 2478 tentor.
323 2422 364 2476 De
396 2421 551 2475 obtestandi
579 2422 660 2475 verbo
689 2437 749 2475 curn
777 2420 878 2490 duplici
897 2421 992 2474 Accua.
1023 2422 1176 2474 constructo
1193 2419 1348 2490 Conington

173 2490 288 2544 conferri
318 2491 394 2544 iubet
422 2489 477 2544 Cio.
507 2505 555 2559 pro
585 2488 676 2554 Quint.
701 2493 740 2544 30.
775 2489 810 2542 Ut
838 2496 863 2541 tc
896 2496 977 2557 atque
1006 2505 1064 2552 eor,
1095 2489 1146 2556 qai
1172 2486 1203 2540 in
1231 2488 1349 2542 coeuntia

171 2566 242 2624 earet,
273 2560 392 2610 obsecret
423 2558 618 2626 obtesteturque
646 2557 717 2610 nihil
745 2557 827 2610 uliud
856 2559 905 2610 eto.
941 2587 967 2595 κ·
998 2555 1068 2623 lege
1096 2561 1240 2617 tenetur,
1278 2553 1349 2624 quod

172 2624 214 2678 vel
247 2624 370 2690 iubetur,
404 2624 447 2678 vel
479 2627 587 2678 vetatur
620 2623 688 2693 lege.
734 2622 820 2677 Plane
854 2623 946 2677 eadem
980 2623 1084 2676 ratione
1111 2621 1189 2677 Ouid.
1218 2623 1284 2676 Met.
1315 2622 1348 2683 X,

172 2695 228 2746 203.
262 2693 344 2749 Quod
375 2692 505 2760 quereiam
523 2692 611 2756 fatali
627 2693 685 2759 lepe
702 2700 822 2745 tenemur
849 2691 877 2758 (i.
899 2707 921 2744 e.
944 2692 1085 2754 vetamur),
1115 2689 1162 2743 ubi
1179 2689 1233 2743 rid.
1253 2688 1345 2744 Heius.

171 2759 213 2813 CI.
232 2758 314 2812 etiarn
334 2759 440 2812 adnott.
459 2758 493 2812 ad
509 2760 575 2813 Aen.
593 2760 630 2823 11,
651 2764 707 2813 159.
743 2758 847 2812 Peerlk.
865 2758 945 2811 malit
969 2758 1076 2825 tmerr'r,
1106 2759 1136 2808 ut
1154 2759 1233 2826 qaod
1249 2758 1348 2810 uncum

171 2827 289 2894 posttum
307 2827 344 2879 sn
364 2842 426 2894 pro:
446 2827 474 2878 iu
492 2843 553 2894 quo,
572 2827 601 2879 iu
621 2842 675 2895 qua
692 2843 720 2880 re
737 2826 780 2880 lex
798 2825 849 2879 fati
867 2829 895 2879 te
913 2826 1088 2879 constrictum
1107 2840 1160 2877 non
1178 2827 1264 2878 tenet.
1296 2824 1344 2879 Ca·

170 2898 259 2947 terum
287 2894 368 2947 uerba
387 2894 443 2960 foti
457 2897 535 2962 qnod
551 2895 609 2962 lege
626 2901 730 2947 terretur
749 2894 884 2947 iterantur
902 2893 931 2946 iu
949 2893 1030 2946 nnth.
1049 2891 1110 2946 Lat.
1129 2891 1152 2954 1,
1175 2894 1231 2950 118.
1252 2895 1292 2946 75.
1312 2922 1344 2930 -

172 2958 236 3020 821).
261 2979 326 3030 pro
355 2961 535 3015 maiestate
564 2969 701 3016 tuorum.
737 2960 875 3029 „Respicit
905 2960 939 3014 ad
958 2960 1112 3026 Saturnum,
1143 2959 1189 3028 qui
1213 2958 1243 3012 iu
1262 2958 1344 3013 ltalia

189 3028 277 3082 nando
297 3046 330 3082 ue
360 3033 531 3097 regnaverat;
561 3029 623 3082 inde
651 3029 690 3082 ait
724 3036 848 3096 mornm5
876 3044 937 3081 uam
956 3032 983 3081 et
1000 3027 1113 3081 Latinus
1131 3026 1193 3081 inde
1211 3026 1343 3097 originem

169 3045 257 3149 ducit:
311 3096 347 3163 11,
365 3099 398 3150 48
416 3100 494 3165 sqq.“
528 3096 605 3151 Sero.
626 3093 741 3155 -821,
771 3095 933 3149 conubiis.
971 3094 1030 3149 Vid.
1060 3093 1133 3157 adl,
1153 3097 1192 3147 73.
1211 3093 1293 3148 etal.
1312 3126 1345 3135 -

169 3161 234 3221 822.
265 3163 461 3233 Conponent
477 3180 603 3234 pacem,
622 3167 652 3216 ut
669 3164 703 3225 X,
723 3169 762 3218 15.
780 3162 838 3230 (ubi
854 3161 907 3215 vid,
927 3161 1046 3225 adnott.)
1064 3177 1219 3232 conponere
1236 3162 1343 3241 [eodm

168 3263 201 3269 -
222 3232 356 3298 teperet
370 3233 532 3298 foedera,
553 3230 583 3285 ἓν
601 3231 648 3284 διὰ
667 3231 747 3285 δυοῖν
764 3247 826 3311 pro:
855 3229 962 3283 foedera
979 3229 1085 3297 legibus
1103 3246 1123 3283 s.
1143 3228 1343 3284 conditionibus

168 3298 330 3367 quibusdam
349 3300 425 3352 inita.
460 3298 501 3352 Cf.
520 3299 568 3365 XI,
589 3301 645 3351 322.
664 3297 787 3367 foedum
804 3299 881 3365 tepea.
903 3326 934 3335 -
952 3295 1017 3378 823.
1049 3297 1133 3365 Heyn.
1152 3295 1276 3359 adnotat,
1299 3312 1342 3350 ur·

168 3363 1344 3495 rutcantuaritarumstratumne?{attuleruut

167 3516 202 3619 nlo
219 3516 285 3567 gens
298 3500 458 3554 Latinorum
477 3501 549 3554 victa
568 3502 594 3554 iu
613 3517 708 3620 nomep
728 3501 859 3621 Viipmmm
879 3498 1043 3620 cederepdett
1060 3499 1099 3552 lin
1139 3514 1193 3566 am,
1210 3499 1342 3621 vppctppppp

167 3583 375 3703 ppppp'uequrpper
377 3584 425 3688 esiu
434 3584 620 3690 eolnriiimroirsdd1
622 3585 763 3689 nderrrrinibns
785 3583 1094 3755 pppbdvseppeamipamg
1111 3583 1195 3689 dudd
1214 3633 1341 3698 debebat)

166 3701 270 3754 nullutn
288 3702 432 3771 vestigium
451 3704 581 3758 Troianae
599 3704 710 3771 originIs
729 3705 800 3757 reate
831 3702 902 3771 apud
919 3702 1081 3756 Romanoa.“
1108 3701 1238 3755 Laudent
1251 3702 1340 3770 Intpp.

165 3768 230 3823 Sall.
250 3770 309 3838 Iug.
332 3773 373 3822 21.
393 3774 444 3837 (18,
461 3775 511 3833 12.)
534 3772 606 3824 Victi
625 3788 714 3824 ornnes
730 3773 759 3824 in
776 3778 879 3839 pentem
898 3786 1046 3839 nomenque
1064 3769 1259 3838 imperantium
1276 3787 1341 3823 con·

164 3853 274 3890 cenaene.
310 3837 462 3905 Conington
492 3838 572 3906 paulo
590 3838 709 3892 diversas
728 3838 807 3892 Dion.
827 3837 924 3892 Hali
952 3841 993 3891 60.
1013 3840 1041 3890 et
1058 3837 1128 3890 Liuii
1146 3837 1169 3899 Ι,
1189 3839 1212 3890 2.
1232 3838 1341 3896 centan-

165 3903 218 3956 tias
250 3905 282 3957 do
303 3904 460 3958 Latinorum
488 3906 594 3961 nomine
613 3907 726 3960 conferri
743 3906 826 3961 iubet.
847 3937 879 3943 —
902 3877 967 3966 825.
999 3905 1189 3958 Antoocem
1206 3911 1340 3958 matare.

165 3971 419 4030 vinceluna.
456 3974 581 4028 Ceterum
612 3974 646 4028 of.
676 3974 747 4027 iufra
769 3990 792 4029 v.
811 3976 868 4028 834.
890 4004 923 4012 -
941 3981 1058 4026 vectem
1078 3988 1108 4025 ex
1125 3971 1196 4026 Med.
1215 3974 1245 4026 et
1263 3970 1341 4041 quin-

165 4055 215 4108 que
232 4040 305 4117 *altis
333 4039 409 4093 libris
428 4040 522 4109 Wagn.
555 4047 644 4112 (quern
673 4041 834 4110 posteriores
884 4043 974 4094 raeter
991 4040 1124 4108 Bryceum
1142 4054 1236 4093 omnes
1254 4038 1341 4093 secuti

164 4111 239 4166 suut)
267 4107 390 4161 restitnIt
407 4108 465 4161 loco
487 4109 562 4178 vulg.
581 4118 692 4187 vectem
711 4125 770 4162 curn
788 4057 905 4162 Pluraiis
924 4108 1005 4161 huius
1023 4123 1077 4194 voc.
1097 4106 1166 4226 apud
1190 4105 1341 4175 Vergilium

163 4189 287 4304 11213,
298 4175 452 4309 tutti?
461 4174 1256 4312 attttt'tlttttltqttttt¹tintinant
1272 4171 1340 4296 dd

161 4307 198 4374 Π,
215 4313 275 4362 464.
294 4311 358 4365 Aen.
377 4310 399 4373 Ι,
421 4314 478 4364 639.
497 4311 541 4375 IV,
564 4315 622 4366 618.
654 4313 686 4377 V,
712 4315 767 4368 112.
789 4311 850 4378 al.);
871 4311 917 4365 ubi
935 4315 1026 4365 autem
1044 4309 1077 4363 de
1095 4309 1219 4362 universo
1236 4311 1340 4362 ventu

161 4375 290 4446 cultuque
322 4394 409 4431 sermo
438 4378 484 4441 sit,
534 4381 594 4432 oeta
619 4382 775 4433 constanter
792 4379 929 4448 Singulari
958 4382 1053 4432 utatur
1080 4379 1123 4445 (ut
1140 4375 1201 4441 v11,
1224 4378 1281 4430 161.
1310 4378 1340 4429 et

160 4442 236 4508 VIII,
256 4448 334 4524 123).
352 4475 385 4524 .*
403 4443 466 4506 826.
497 4396 576 4508 „dim
594 4446 707 4500 Romanu
725 4450 857 4514 potenter,
878 4446 925 4500 sed
944 4449 1084 4515 tamquam
1103 4443 1249 4525 Italignon
1266 4446 1338 4496 tam·

160 4526 241 4629 ppam
261 4511 381 4579 Troiana
410 4522 442 4567 ut
459 4514 591 4568 Italorum
611 4515 740 4568 virtutem
758 4515 857 4569 rofene
875 4514 1026 4579 rideantur,
1060 4529 1112 4567 non
1131 4511 1336 4566 Troianorum.“

192 4596 250 4648 eyn.
287 4580 327 4635 ef.
355 4582 438 4635 etiam
471 4582 652 4638 imitationem
678 4582 757 4636 huius
775 4583 827 4637 loci
844 4599 888 4651 ap.
908 4583 972 4638 Hor.
991 4581 1040 4637 Od.
1058 4580 1109 4648 111,
1129 4583 1153 4644 3,
1171 4583 1203 4633 30
1220 4594 1279 4649 aqq.
1308 4580 1337 4632 et
