2872 5070
484 237 715 304 AENEIDOS
736 239 821 306 LIB.
843 237 902 305 XI.

110 404 153 467 Ni
176 425 290 467 roseus
312 404 416 468 fessos
439 405 504 467 iarn
525 405 654 489 gurgite
676 405 826 470 Phoebus
845 403 971 468 Hibero

110 487 256 570 Tinguat
277 508 378 572 equos
399 497 591 573 noctemque
611 486 663 552 die
684 487 812 553 labente
834 487 978 551 reducet.

110 569 293 634 Considunt
316 570 432 633 castris
455 580 529 634 ente
550 570 665 636 urbem
685 582 717 635 et
738 572 867 636 moenia
888 568 1021 634 vallant.
1230 580 1281 630 915

109 755 317 766 μ*-

109 882 284 951 Intelligendi
319 886 410 937 autem
440 886 504 937 sunt
536 884 596 953 equi
628 883 832 937 adventantium
871 885 1000 938 auitum.
1047 885 1087 939 Cf.
1121 884 1203 937 etiam
1237 899 1282 936 su-

110 967 159 1019 pra
175 966 200 1003 v.
218 953 275 1006 δοῖ.
305 951 368 1005 huie
393 950 554 1005 simillimus.
590 951 679 1005 Etiam
708 949 752 1004 hie
782 951 848 1003 mihi
912 952 1029 1005 sentitur
1045 951 1174 1015 Beuoist,
1205 950 1282 1004 oblo-

114 1018 206 1086 quitur
240 1018 401 1086 Conington,
432 1035 527 1088 parum
555 1017 730 1098 probabiliter
759 1016 792 1071 da
821 1018 897 1086 equis
927 1019 1072 1074 vectuariis
1101 1018 1230 1086 cogitans.
1249 1047 1282 1057 —

111 1086 250 1152 „inerret
266 1115 278 1125 -
296 1116 308 1126 -
327 1094 498 1156 temptent:
516 1086 648 1151 iniissent,
669 1087 831 1145 tentassent,
849 1087 877 1139 ui
895 1086 1029 1149 tinxisset,
1048 1086 1074 1140 h.
1094 1103 1116 1142 e.
1136 1085 1280 1149 mersisset,

111 1168 194 1221 equos
211 1152 336 1206 Phoebus
354 1153 458 1208 Oceano
488 1154 605 1214 occiduo,
636 1153 681 1223 qui
710 1153 783 1206 ultra
801 1153 959 1224 Hispaniam
977 1157 1081 1223 patet.“
1117 1153 1207 1223 Hepa.
1242 1154 1281 1206 De

111 1236 162 1288 qno
182 1236 232 1272 usn
250 1220 404 1275 Praesentis
422 1223 450 1275 et
467 1220 623 1290 Imperteeti
641 1237 699 1274 rem
716 1221 831 1273 vividius
850 1225 990 1291 tamquam
1007 1224 1176 1292 praesentem
1195 1221 1282 1289 expri-

110 1288 209 1340 mentis
239 1287 266 1341 iu
293 1287 374 1350 locis,
403 1290 448 1343 ubi
477 1288 543 1342 Plus
562 1288 693 1408 uampcrf.
723 1291 921 1410 exspectamus,
953 1289 986 1344 cf.
1016 1289 1120 1342 aduott.
1152 1289 1186 1342 ad
1214 1291 1281 1343 Aen.

111 1354 394 1418 111‚1er.vl1‚sos.
425 1356 506 1410 Bach.
578 1355 627 1410 Oui
649 1397 654 1406 .
674 1355 741 1409 Met.
775 1359 858 1420 ,696.
884 1356 955 1410 idem
976 1372 1008 1409 ue
1027 1357 1061 1410 ad
1080 1356 1137 1409 Tib.
1157 1356 1179 1418 1,
1199 1360 1222 1421 S,
1240 1358 1281 1408 22.

110 1453 141 1458 -
161 1421 229 1473 Cum
258 1439 281 1475 v.
303 1422 365 1483 913.
387 1424 421 1476 cf.
440 1423 502 1489 XII,
524 1426 587 1486 114,
617 1423 666 1476 ubi
689 1423 852 1476 contrarium
871 1428 928 1477 est:
1000 1442 1027 1475 m
1039 1424 1161 1492 primum
1179 1423 1236 1476 alto
1254 1440 1283 1475 se

110 1490 216 1567 perpete
246 1490 344 1543 tollunt
364 1490 439 1543 Solis
495 1491 533 1542 ai.
568 1490 673 1545 Peerlk.
692 1507 740 1557 prc
759 1508 853 1544 roseata
868 1494 976 1611 praeter
993 1491 1076 1544 ullam
1093 1490 1282 1544 necessitatem

112 1572 179 1611 cour.
196 1573 280 1621 aem,
301 1556 360 1610 coll.
379 1558 470 1612 Seuec.
515 1574 565 1612 erc.
585 1558 646 1613 Oet.
664 1561 722 1613 488.
743 1560 770 1611 et
786 1557 852 1611 Silio
894 1557 926 1624 V,
945 1562 1002 1612 224.
1023 1563 1081 1613 914.
1101 1588 1133 1596 -
1150 1557 1283 1624 perpete

111 1623 251 1676 Hibero.
275 1624 427 1694 Conington
445 1625 549 1679 confert
565 1626 657 1679 Iuveu.
677 1624 749 1688 XIV,
768 1627 825 1679 280.
844 1625 985 1679 Herculeo
1003 1626 1159 1679 stridentem
1177 1624 1284 1692 perpete

112 1691 211 1744 Solem.
230 1722 264 1730 -
282 1692 344 1745 Tin
371 1701 459 1747 uate
486 1711 554 1746 nor.
589 1693 629 1747 ef.
648 1692 713 1747 Geo.
731 1693 755 1755 Ι,
774 1696 830 1746 246.
848 1693 885 1754 ΙΙ,
903 1697 962 1747 481.
979 1694 1058 1748 Lucr.
1078 1693 1110 1755 V,
1128 1695 1185 1745 720.
1204 1690 1282 1745 ovid.

112 1758 178 1811 Met.
197 1758 235 1821 II,
256 1763 310 1815 172.
368 1805 373 1814 .
409 1761 470 1814 Hau
506 1760 587 1814 dubie
606 1760 722 1829 respexit
738 1759 809 1813 hunc
826 1759 916 1814 locum
933 1761 1015 1815 Silius
1031 1761 1055 1827 Ι,
1075 1763 1131 1814 209.
1163 1759 1200 1811 sie
1218 1759 1284 1812 scri-

112 1826 190 1879 bens:
213 1826 267 1878 Ubi
281 1828 373 1891 feceras
422 1846 473 1881 uos
491 1828 572 1881 Tatau
591 1828 712 1881 insternit
728 1828 848 1881 aalrcloa.
866 1857 899 1865 —
916 1836 1108 1896 noctemque
1125 1857 1135 1866 -
1153 1856 1165 1865 ·
1183 1828 1284 1879 redu-

113 1901 173 1948 cat.
209 1894 250 1947 cf.
268 1895 345 1947 Hom.
364 1895 396 1948 11.
439 1896 488 1958 ΠΙ,
507 1898 565 1949 485.
599 1894 676 1949 Idem
703 1893 818 1958 Peerlk,
852 1894 906 1963 qui,
938 1895 999 1949 coll.
1029 1895 1047 1949 S
1092 1895 1163 1947 'ero
1191 1893 1223 1946 de
1255 1910 1283 1946 re

113 1964 183 2028 poet.
202 1979 227 2029 p.
247 1967 304 2015 754.
344 1962 437 2016 haeret
466 1964 494 2016 iu
523 1962 638 2016 dictione
657 1961 708 2015 Sol
728 1969 832 2015 aenea
858 1964 973 2024 reducit,
1003 1963 1070 2016 coni.
1118 1961 1224 2030 actique
1242 1989 1254 2000 ·
1271 1989 1283 2000 ·

111 2031 229 2082 recedat.
265 2002 317 2083 Sed
350 2030 443 2098 quidni
459 2030 504 2084 Sol
535 2029 656 2083 occidens
683 2028 735 2082 diei
753 2028 840 2098 possit
857 2032 962 2084 noctem
981 2029 1116 2096 reducere,
1149 2029 1186 2081 im
1206 2027 1283 2081 rimis

113 2112 174 2149 cum
203 2095 338 2151 addantur
355 2100 435 2152 verba
453 2099 498 2152 dic
513 2098 638 2151 labeum!
672 2097 706 2151 Se
725 2096 800 2150 uitur
817 2112 868 2150 uox
886 2096 965 2160 diem,
983 2097 1095 2167 ideoque
1114 2095 1171 2150 dies
1216 2096 1283 2151 bens

113 2180 133 2216 s.
154 2163 200 2217 Sol
220 2164 340 2218 occidens
358 2168 464 2219 noctem
482 2165 560 2234 quasi
576 2166 639 2234 post
656 2180 685 2218 se
703 2113 778 2218 ducit
796 2167 824 2218 et
841 2164 961 2233 quotidie
979 2165 1091 2220 reducit
