2872 5070
124 222 233 271 xxm
274 202 386 269 DISS.
407 202 472 269 DE
493 203 529 270 P.
550 200 682 270 VERG.
703 200 809 266 MAR.
831 198 942 266 VITA
963 198 1024 264 ET
1046 196 1179 264 CARM.

125 370 268 435 Romani
289 370 413 452 ingenii
444 391 589 435 summae
617 368 763 446 virtutes,
793 364 949 431 fortitudo
982 363 1098 429 bellica
1125 372 1158 427 et
1184 361 1301 448 pietas,

126 455 245 518 mirum
276 454 311 518 in
345 451 477 517 modum
510 454 700 519 coniunctae
735 459 949 536 apparerent,
983 458 1015 512 et
1047 447 1101 535 qni
1133 456 1303 532 tamquam

127 547 242 602 auctor
263 536 371 622 gentis
391 536 494 601 Iuliae
516 535 798 623 exoptatissimam
825 531 999 618 praeberet
1024 531 1303 617 opportunitatem

127 619 303 685 Octaviani
323 618 465 704 Augusti
486 617 682 695 celebrandi,
711 616 799 681 illius
820 616 894 699 viri,
923 615 977 703 qui
996 624 1093 678 natus
1124 612 1302 695 videretur,

125 712 164 768 ut
184 702 273 768 illam
296 704 402 788 ipsam
423 703 537 790 populi
558 701 696 767 Romani
718 701 922 764 maiestatem
950 697 994 763 ad
1022 718 1181 762 summum
1208 695 1304 760 fasti·

126 789 216 872 gium
238 785 400 861 eveheret,
424 787 529 870 magis
551 795 670 867 tamen,
693 806 791 870 quain
812 784 846 847 iii
867 782 984 847 ceteris
999 778 1200 845 carminibus
1222 781 1304 862 suis,

127 879 225 956 poeta
245 869 314 933 fere
335 879 421 934 totus
444 868 565 955 pendet
579 891 599 933 a
613 866 761 950 Graecis,
783 888 856 930 cuin
873 888 937 930 non
953 862 1056 929 solum
1070 864 1176 949 ipsam
1192 860 1305 927 ideam

126 961 291 1039 totamque
330 951 579 1051 descriptionem
616 959 655 1017 et.
676 950 923 1037 dispositionem
951 949 1059 1035 operis
1066 995 1075 1028 ,
1107 945 1165 1010 sed
1203 947 1304 1010 etiam

127 1057 281 1121 magnam
312 1045 542 1101 sententiarum
573 1033 812 1120 verborumque
838 1046 965 1120 partem
1000 1053 1043 1095 ex
1075 1028 1219 1094 Homero
1233 1029 1303 1107 ¹⁰⁸),

128 1119 220 1183 cuius
251 1117 436 1216 Odysseam
457 1120 492 1183 in
513 1140 572 1183 sex
590 1115 764 1203 prioribus,
784 1114 890 1180 Iliada
912 1118 946 1180 in
976 1136 1036 1179 scii
1063 1110 1303 1200 posterioribus

127 1200 221 1266 libris
256 1202 402 1266 imitatus
437 1212 500 1284 est,
542 1210 574 1265 et
612 1222 654 1264 ex
692 1198 764 1263 aliis
823 1200 905 1263 cetis
945 1196 1098 1279 Graecia,
1139 1196 1305 1281 imprimis

127 1282 302 1370 Apollonio
333 1283 460 1350 Rhodio
490 1284 628 1369 aliisque
657 1281 786 1347 Alexan
810 1283 891 1346 rinis
907 1284 972 1364 ¹⁰⁹),
999 1279 1145 1365 adeoque
1165 1302 1208 1344 ex
1235 1279 1305 1344 La-

127 1367 205 1432 tinis
227 1367 341 1454 poetis,
393 1369 425 1432 ui
450 1367 536 1433 idem
566 1375 792 1452 argumentum
824 1367 889 1430 iam
918 1373 1149 1445 tractaverant,
1176 1362 1305 1428 Naevio

127 1451 269 1515 maxime
306 1459 337 1514 et
370 1390 488 1533 hnmo,
522 1450 741 1536 deprompsit,
775 1447 876 1513 multa
911 1447 1066 1535 denique,
1103 1469 1186 1596 qpae
1221 1448 1305 1511 anti-

129 1555 226 1620 quam
260 1532 376 1598 Itahae
412 1533 581 1599 historiam
622 1556 637 1597 s
663 1532 830 1615 ectabant,
869 1554 911 1595 ex
947 1529 1082 1596 Catonis
1142 1528 1306 1615 riginibus

128 1626 161 1681 et
194 1615 238 1681 ii.
273 1616 418 1682 Terentii
452 1616 614 1682 Varronis
640 1556 744 1680 libris
784 1615 932 1680 hausisse
968 1612 1131 1701 putandus
1167 1614 1307 1690 est110).

127 1699 202 1764 Non
231 1698 394 1764 mediocre
419 1710 528 1764 tamen
556 1701 640 1763 inter
669 1698 848 1764 Homerum
873 1708 905 1762 ct
925 1697 1108 1783 Vergilium
1130 1695 1307 1762 intercedit

129 1780 314 1847 discrimen.
364 1782 423 1847 Ille
459 1786 554 1864 enim,
592 1783 647 1869 qui
681 1784 817 1868 propius
849 1780 1032 1866 attingebat
1065 1779 1123 1845 illa
1157 1790 1309 1866 tempora

129 1864 276 1947 heroica,
312 1888 395 1964 quae
430 1863 629 1929 carminibus
661 1867 727 1928 suis
763 1864 966 1946 celebrabat,
1005 1865 1061 1951 qui
1098 1862 1157 1928 sub
1191 1863 1307 1929 eodem

130 1946 220 2012 coelo
253 1957 284 2011 et
322 1959 406 2013 inter
440 1947 586 2012 homines
622 1947 786 2034 simplices
821 1959 853 2013 et
885 1946 1027 2012 naturali
1059 1945 1199 2034 quodam
1234 1946 1308 2033 pul·

130 2029 201 2094 chri
238 2052 334 2095 sensu
368 2030 509 2096 imbutos
542 2029 682 2107 vivebat,
719 2031 835 2118 quihus
871 2053 910 2095 ea
941 2032 1060 2112 omnia,
1094 2052 1178 2116 quac
1211 2042 1305 2093 vates

129 2112 298 2191 narrabat,
330 2123 422 2178 erant
449 2115 619 2179 notissima
650 2125 681 2178 et
708 2114 784 2179 fixis
811 2115 905 2199 quasi
931 2113 1116 2179 notionibus
1145 2115 1305 2199 impressa

129 2217 273 2281 vereque
296 2197 343 2260 ita
365 2206 459 2282 gesta
482 2219 553 2261 esse
583 2196 801 2262 credebantur
829 2208 861 2261 et
892 2199 1009 2261 animis
1038 2197 1150 2262 eodem
1179 2196 1307 2278 affectu,

131 2301 193 2365 quo
216 2289 387 2366 correptus
407 2278 462 2344 ille
484 2279 632 2363 canebat,
654 2279 867 2345 inflammatis
890 2279 1116 2360 audiebantur,
1139 2281 1194 2365 qui
1216 2280 1308 2345 deni·

130 2383 193 2449 que
229 2384 375 2427 sermone
415 2362 567 2428 utebatur
602 2373 720 2428 natura
756 2387 815 2429 sna
851 2365 978 2450 poetico
1011 2374 1043 2428 et
1070 2363 1235 2428 rhetorum
1267 2384 1311 2429 ac

129 2446 415 2530 grammaticorum
436 2454 554 2532 arguta
586 2446 766 2512 subtilitate
794 2446 938 2512 nondum
960 2456 1126 2512 attenuato
1149 2456 1180 2511 et
1201 2445 1311 2512 defor-

129 2542 227 2610 mato,
256 2529 335 2593 satis
366 2539 452 2610 erat,
487 2540 523 2594 ut
551 2528 656 2594 solum
684 2531 850 2615 ingenium
884 2540 916 2595 et
942 2539 1092 2595 naturam
1119 2540 1312 2616 sequeretur

131 2609 246 2674 ducem
253 2658 262 2692 ,
285 2610 430 2697 Vergilio
453 2626 575 2694 contra,
598 2612 654 2697 qui
676 2610 805 2677 abillis
827 2613 1028 2698 temporibus
1044 2614 1140 2698 longe
1161 2623 1309 2679 remotus

133 2702 213 2774 crat,
232 2695 287 2780 qui
301 2695 434 2759 vivebat
447 2696 534 2759 inter
548 2693 696 2760 homines
708 2694 836 2761 illarum
851 2698 1056 2784 antiquarum
1075 2718 1182 2761 rernm
1199 2700 1310 2762 minus

132 2797 253 2861 gnaros
269 2799 468 2865 prorsusque
483 2777 578 2842 aliter
592 2778 767 2843 sentientes
782 2789 814 2843 et
829 2781 1019 2866 cogitantes,
1040 2781 1124 2845 inter
1140 2779 1309 2846 Romanos

132 2858 289 2946 superbos
320 2872 353 2926 et
373 2860 573 2944 fastidiosos,
602 2861 692 2946 apud
717 2884 798 2947 quos
828 2864 898 2929 sine
927 2863 1093 2930 doctrinae
1124 2870 1156 2928 et
1184 2863 1311 2931 multae

131 3028 339 3039 ——-—

133 3144 202 3209 715.)
237 3143 278 3198 De
296 3144 438 3214 aptissima
457 3148 549 3200 tamen
568 3145 617 3202 illa
635 3147 811 3217 inscriptione
830 3147 864 3203 ci.
881 3147 995 3205 Lobech
1013 3149 1121 3207 Pathol
1139 3168 1160 3206 s.
1179 3150 1225 3208 Gr.
1263 3171 1307 3210 ro-

129 3209 347 3333 1081111171ίὲἴ
364 3212 455 3283 Unger
472 3214 501 3268 in
518 3214 614 3284 Progr.
634 3215 839 3271 Neobrandenb.
863 3232 888 3272 a
907 3220 980 3271 1855.
1002 3233 1019 3270 a
1036 3218 1181 3274 Ribbeckio
1197 3170 1307 3293 Prdeg.

130 3295 156 3346 p.
212 3322 217 3331 .
263 3295 281 3332 n
300 3296 348 3333 ai.

194 3345 318 3424 ο108101.
337 3350 445 3415 practer
465 3348 562 3414 Ursini,
581 3349 724 3405 Eichhoffli
741 3352 769 3405 et
786 3351 886 3406 Tissoti
902 3352 986 3408 libros
1004 3354 1058 3408 iam
1077 3371 1160 3425 supra
1178 3357 1307 3413 laudatos

130 3411 235 3492 Sollius
253 3413 300 3492 Ill,
320 3419 343 3469 9.
361 3415 481 3484 Scaliger
497 3416 574 3471 Poet.
591 3417 625 3485 V,
644 3423 667 3472 3.
686 3421 714 3473 et
730 3423 753 3472 4.
779 3419 881 3474 Walch.
909 3421 942 3474 de
966 3438 1005 3489 eo,
1038 3424 1109 3492 qnod
1127 3424 1239 3480 nimium
1261 3428 1307 3480 est

129 3496 157 3532 in
178 3483 332 3535 imitatione
350 3482 460 3536 Homeri
478 3484 636 3552 Virgiliana.
654 3485 821 3555 Schlcusing.
844 3493 917 3543 1773.
935 3493 959 3542 4.
977 3490 1117 3544 Tittmann
1141 3492 1174 3546 de
1191 3493 1307 3562 Virgilio

129 3547 277 3603 Homerum
293 3549 427 3605 imitante.
463 3551 554 3606 Viteb.
577 3556 647 3608 1787,
671 3559 697 3610 4.
715 3554 815 3609 Lautcr
838 3556 870 3610 de
891 3556 1004 3626 Virgilio
1028 3558 1167 3614 imitatore
1183 3561 1304 3619 Homeri

128 3614 249 3671 Heidelb.
269 3620 343 3673 1796.
362 3622 386 3671 4.
421 3618 573 3674 Μέπιοίνω
592 3623 640 3699 ‘de
668 3623 777 3677 t'Aead.
805 3626 853 3678 dea
875 3624 963 3678 laser.
982 3626 1005 3678 I.
1024 3642 1049 3694 p.
1071 3630 1127 3683 171.
1145 3645 1204 3697 sqq.
1223 3629 1257 3684 ll.
1277 3647 1304 3710 p.

130 3686 175 3736 141
197 3700 210 3763 s
231 3701 255 3752 q.
286 3684 371 3753 Heyn.
395 3685 428 3739 de
451 3702 532 3743 carm.
559 3704 631 3767 epico
653 3707 679 3759 p.
700 3693 730 3744 19
749 3708 780 3770 sq
802 3731 808 3743 .
831 3691 908 3745 etin
933 3693 1084 3748 Comment.
1108 3694 1141 3748 de
1164 3712 1253 3751 rernm
1275 3715 1305 3752 iii

126 3700 243 3829 Aeneide
270 3754 451 3807 tractatarum
479 3754 646 3821 inventione;
673 3757 773 3813 Sulien
839 3775 891 3814 eor.
920 3764 986 3814 artt
1008 3762 1030 3815 1.
1053 3779 1079 3830 p.
1103 3766 1134 3816 28
1153 3779 1210 3844 sqq.
1241 3781 1306 3821 cuin

128 3816 265 3897 Additam.
288 3819 348 3876 VII.
371 3837 398 3889 p.
424 3824 505 3875 289s
543 3865 549 3877 .
586 3824 708 3879 Andreae
732 3826 865 3881 Locorum
894 3828 1059 3896 quorundam
1086 3830 1305 3888 Homerico-Vir-

127 3885 290 3966 gilinnorum
313 3888 389 3956 Spec.
412 3888 433 3943 l.
457 3891 485 3943 et
534 3891 642 3947 .lenae
662 3896 735 3948 1804.
759 3898 787 3948 et
807 3898 879 3949 1814.
911 3895 1010 3951 Mi'iller
1027 3898 1135 3952 Homer
1152 3918 1177 3954 a.
1203 3899 1303 3982 Virpit,

127 3971 186 4006 cine
198 3952 351 4010 Parallele.
375 3955 481 4022 Ersiirt
493 3960 565 4013 1807.
586 3959 685 4015 Eckert
696 3961 837 4016 Parallels
855 3962 985 4017 stracten
1000 3968 1030 4018 d.
1044 3966 1116 4019 llice
1131 3986 1158 4021 u.
1170 3968 1303 4025 Aeacide.

127 4021 269 4100 itiitricheo
284 4025 357 4077 iate.
371 4027 403 4102 4.·
423 4024 569 4103 Steinmetz
586 4027 618 4082 de
636 4027 741 4107 aliquot
758 4029 824 4083 locis
842 4029 976 4098 Odysseae
993 4037 1021 4088 et
1038 4033 1170 4089 Aeneidos
1188 4036 1223 4090 ad
1240 4037 1307 4093 Orci

127 4087 302 4167 Maurumque
320 4089 524 4168 descriptionem
563 4095 750 4150 ertinentibus.
777 4096 891 4152 hlerseb.
914 4104 985 4154 1841).
1008 4100 1067 4156 Nae
1087 4101 1216 4157 elshachii
1233 4104 1306 4160 Cen·

128 4171 193 4209 sura
209 4154 290 4209 limus
308 4156 373 4211 edit.
392 4175 467 4214 meae
492 4161 520 4214 in
573 4163 709 4216 turbarer
726 4163 788 4217 cei.
806 4165 944 4235 Anaeiqea
962 4171 1035 4224 1838.
1085 4174 1253 4226 ,ios-iii.
1275 4176 1306 4229 et

128 4221 256 4291 Wagneri
273 4223 395 4295 Prolegg.
413 4226 455 4281 ed.
474 4227 538 4282 min.
555 4247 581 4298 p.
598 4230 702 4284 XXIII.

198 4291 256 4356 109)
273 4290 314 4346 cf.
333 4293 453 4364 Scaliger
470 4294 547 4350 Poet.
568 4298 598 4351 V.
617 4301 641 4353 6.
658 4296 802 4354 Weichert.
819 4302 887 4354 iiber
910 4303 937 4357 d.
955 4303 1046 4358 Leben
1067 4324 1095 4359 u.
1113 4305 1233 4360 Gediclit
1254 4310 1306 4366 des

127 4356 258 4493 ein
276 4361 640 4485 i
657 4365 963 4490 tritheiae·
981 4371 1055 4493 ir·
1076 4390 1101 4442 r·

197 4467 314 4558 110107.
334 4496 433 4576 Donat.
451 4448 564 4576 §.juli
586 4542 591 4553 .
610 4472 652 4554 17.
671 4450 728 4568 3³3,
747 4503 774 4556 et
792 4455 969 4561 Schebendlr⁸
1040 4456 1098 4509 sqq·
1167 4485 1172 4496 ⁸

127 4560 208 4626 atque
226 4561 285 4616 tata
308 4565 372 4617 ante
394 4563 541 4634 Virgilium
565 4514 786 4624 describentibus.
830 4571 979 4628 hltnsterei

980 4508 1066 4628 poetis
1083 4509 1188 4564 Aeneae
1206 4511 1304 4581 fugam

130 4624 214 4683 Ueia
230 4630 278 4685 dic
298 4631 411 4690 Quelleu
427 4649 481 4687 von
504 4631 608 4702 Vtrpits
625 4636 733 4693 Acuca.
769 4637 853 4696 Bresl
874 4644 947 4698 1858.
965 4646 989 4697 4.

991 4575 1017 4629 el
1041 4580 1113 4631 1828.
1137 4581 1161 4634 4.
1182 4577 1304 4636 Knschel
