2872 5070
489 243 720 312 AENEIDOS
741 245 825 313 LIB.
848 244 924 317 XII.

106 409 279 475 Detulerat
299 411 399 475 lixam
422 421 455 476 et
474 409 563 476 lenta
582 411 693 477 radice
714 410 853 476 tenebat

107 491 258 557 Incubuit
278 494 444 581 voluitque
465 515 564 560 manu
585 494 767 560 convellere
788 493 910 559 ferrum

107 575 318 640 Dardanides
340 575 468 664 teloque
490 580 590 664 sequi,
609 600 705 663 quem
727 577 887 664 prendere
910 599 1007 641 eursu
1229 587 1277 638 775

107 659 179 723 Non
203 672 338 744 poterat.
382 659 466 724 Tum
487 683 566 725 vero
589 683 700 726 amens
721 660 893 726 tormidine
917 661 1057 739 'furnus

107 742 251 822 „Fauna
274 765 400 828 precor,
425 745 588 817 miserere,
610 745 724 831 inquit,
746 754 780 806 tu
805 766 845 808 ue
866 753 1001 829 optuma
1022 742 1143 804 ferrum

109 824 214 887 Terra
237 836 319 906 tene,
342 825 425 890 colui
447 836 573 890 vestros
595 827 623 889 si
645 847 772 912 semper
783 765 943 907 bonores,

109 905 200 984 Quos
222 918 335 971 contra
355 908 530 972 Aeneadae
550 906 635 973 bello
655 909 762 974 fecere
784 908 969 995 profanos.“

108 988 206 1052 Dixit
228 1012 385 1075 opemque
405 990 457 1054 dei
477 1013 541 1056 non
561 1013 655 1055 cassa
677 992 711 1055 in
733 1002 811 1055 vota
832 991 971 1055 vocavit.

109 1071 257 1158 Namque
280 1072 334 1137 diu
356 1073 483 1138 luctans
505 1073 591 1138 lento
615 1097 655 1138 ue
676 1076 710 1138 in
734 1076 836 1160 stirpe
855 1083 1000 1139 moratus

108 1154 242 1218 Viribus
264 1155 350 1220 haud
374 1156 447 1221 ullis
469 1155 572 1222 valuit
593 1095 778 1222 discludere
799 1179 926 1221 morsus

106 1235 246 1300 Roboris
269 1240 405 1304 Aeneas.
449 1239 538 1304 Dum
560 1242 674 1304 nititur
695 1262 771 1305 aeer
792 1251 824 1304 et
845 1243 955 1321 instat,

106 1319 232 1383 Rursus
255 1322 288 1384 in
311 1324 444 1407 aurigae
466 1321 583 1387 faciem
605 1334 731 1388 mutata
752 1323 882 1387 Metisci

109 1521 315 1532 ι--ι--.-.

94 1669 296 1725 merstem.
331 1670 391 1724 Vid.
421 1687 504 1741 snpra
532 1688 556 1726 v.
590 1675 646 1727 711.
683 1670 807 1726 Ceterum
838 1671 872 1726 ei.
901 1672 1005 1726 adnott.
1035 1670 1070 1725 ad
1101 1670 1157 1724 Eel.
1187 1671 1209 1734 l,
1238 1671 1278 1724 38.

107 1737 152 1804 al,
185 1737 319 1816 imprimis
348 1738 383 1792 ad
411 1742 476 1793 Aen.
505 1739 537 1806 V,
556 1742 614 1794 321.
633 1769 665 1778 -
687 1737 751 1800 773.
780 1740 964 1793 Detulerat
993 1741 1113 1805 sistam,
1144 1754 1192 1807 per
1239 1753 1280 1791 ro·

107 1805 206 1874 lepsin:
224 1811 265 1860 ita
283 1808 314 1859 ut
332 1805 385 1859 fixa
403 1809 531 1861 muneret.
551 1807 592 1863 Cf.
611 1806 716 1860 adnott.
737 1807 773 1861 ad
791 1805 854 1862 Geo.
872 1808 909 1867 ΙΙ,
928 1810 986 1861 333.
1006 1810 1082 1874 (Aen.
1099 1805 1135 1873 11,
1156 1808 1211 1858 736.

108 1876 165 1925 236.
184 1872 232 1934 lV,
250 1877 308 1926 463.
326 1873 381 1936 al).
416 1875 440 1928 A
460 1874 555 1927 multis
573 1873 656 1928 codd.
675 1874 754 1928 abest
772 1882 804 1936 et,
823 1876 858 1928 ab
875 1874 937 1927 aliis
954 1875 1000 1943 in,·
1018 1889 1100 1944 quare
1122 1873 1216 1942 Wagn.
1235 1888 1280 1925 sn·

108 1940 236 2002 sicatur,
270 1941 418 2009 Vergilium
449 1941 589 2010 scripsisse
607 1945 694 2008 seram
712 1944 785 1996 leuto
802 1943 900 1996 radice
917 1943 1030 2004 arebat
1059 1944 1091 1995 ut
1109 1940 1227 1993 oleaoer
1244 1939 1281 1993 sit

130 2008 265 2060 obiectum
283 2009 443 2075 sententiae,
463 2025 492 2062 re
512 2010 639 2062 etendum
657 2025 689 2063 sx
706 2008 819 2063 Particc.
837 2011 882 2063 bie
900 2014 927 2063 et
944 2011 1003 2064 buc.
1039 2008 1113 2074 Quae
1129 2015 1221 2061 tamen
1238 2022 1281 2061 res

108 2091 169 2128 cum
195 2078 256 2128 tote
273 2075 389 2143 pendeat
409 2093 425 2129 3
444 2075 482 2129 (lo
502 2076 527 2130 d.
547 2077 718 2139 auctoritate,
750 2077 841 2131 Heius.
861 2082 952 2131 autem
970 2077 1002 2132 de
1020 2077 1076 2130 suis
1096 2075 1182 2129 eodo.
1201 2073 1281 2144 plane

108 2142 197 2205 sileat,
227 2142 296 2196 nibil
325 2143 442 2196 mutavit
468 2143 510 2196 vir
527 2143 608 2205 doct,
627 2160 706 2213 quem
725 2144 808 2198 etiam
827 2144 920 2213 Brpee,
949 2145 1049 2212 Haupt.
1070 2142 1281 2197 311313333-

109 2210 164 2262 enti
183 2214 262 2272 sunt;
291 2226 351 2263 enm
375 2213 465 2264 tamen
484 2210 553 2265 Prae
574 2213 626 2267 ,in
643 2211 715 2265 desit
731 2211 758 2263 in
778 2211 848 2266 Med.
866 2229 883 2266 a
901 2229 935 2265 m,
956 2229 1006 2281 pr,
1035 2211 1117 2270 Gud„
1148 2210 1227 2263 Bern.
1244 2208 1281 2264 11.

108 2276 169 2337 111..
188 2277 339 2346 Minoraug.
357 2277 433 2347 eique
451 2278 478 2331 in
498 2279 541 2332 Me
562 2323 567 2332 .
586 2295 603 2331 3
620 2294 655 2333 m.
674 2295 726 2332 sec.
745 2281 773 2332 et
789 2278 849 2332 Pal.
868 2280 1053 2333 substituatur
1070 2281 1114 2341 ab,
1132 2294 1203 2331 nune
1220 2292 1280 2331 eum

108 2344 262 2407 Ribbeckio‚
282 2344 408 2414 Coningt.
429 2348 456 2399 et
473 2345 600 2399 Bsnoisto
618 2361 676 2399 eam
695 2347 843 2400 omisimus.
864 2347 979 2409 Peerlk,
998 2362 1057 2399 eum
1076 2344 1152 2397 radix
1173 2349 1279 2397 tantum

109 2411 220 2466 oleastri
248 2413 374 2481 supersit,
406 2411 522 2467 oleaster
547 2413 632 2482 igitur
661 2412 770 2466 hastam
792 2415 883 2466 tenera
899 2430 952 2466 non
970 2412 1057 2480 possit
1074 2411 1112 2476 (1)
1140 2411 1207 2464 coni.
1217 2413 1281 2479 firu

108 2480 153 2532 hie
169 2479 243 2532 lente
260 2481 289 2533 irs
305 2481 402 2533 radice
418 2481 535 2536 sedsbm.
556 2511 586 2518 ·-
608 2478 664 2542 774
682 2497 695 2533 a
717 2523 722 2533 .
776 2479 877 2532 Eadem
898 2480 927 2532 in
945 2480 1026 2533 basto
1045 2451 1157 2531 Acbiilis
1177 2477 1280 2532 convel-

109 2546 189 2601 lenda
219 2563 299 2615 opera
348 2548 440 2601 onitnr
458 2548 492 2600 ab
509 2548 674 2616 Asteropaeo
692 2496 724 2600 d
743 2519 816 2608 11111,
838 2550 885 2599 171
904 2563 978 2615 sqq.;
1007 2562 1078 2599 nunc
1096 2562 1155 2599 cum
1176 2545 1195 2597 li
1217 2562 1280 2599 num

109 2618 188 2668 tenax
208 2564 345 2669 morderei
359 2630 391 2668 ac
408 2615 537 2669 retineret
554 2614 670 2676 hastam,
701 2617 733 2667 ut
751 2614 797 2667 diu
823 2613 926 2668 frustra
952 2613 1133 2674 revelleretur,
1166 2561 1281 2666 reiertur

108 2697 151 2735 res
182 2681 216 2735 ad
245 2682 393 2736 deiFauni
420 2697 497 2750 opem
515 2681 604 2736 Turno
623 2680 738 2735 latam.“
774 2680 863 2750 Heyn.
883 2712 914 2721 —
933 2681 1131 2736 convellere.
1167 2679 1280 2742 01111,

109 2753 149 2803 31.
181 2749 350 2819 viridemque
379 2750 413 2802 ob
442 2751 523 2803 bamo
547 2749 698 2802 convellere
714 2749 821 2803 alvom.
841 2778 873 2787 -
892 2748 961 2802 (lum
980 2765 1005 2802 v.
1023 2746 1086 2809 775.
1104 2748 1138 2801 oi.
1156 2748 1204 2814 IX,
1222 2752 1280 2801 333.

109 2817 162 2869 telo
178 2825 291 2880 sectam,
314 2817 361 2883 XI,
380 2820 437 2872 671.
454 2818 576 2898 sepontum
593 2818 682 2880 busta,
700 2832 782 2887 supra
800 2832 823 2871 v.
843 2821 899 2873 354.
919 2817 1013 2870 iaerslo
1031 2824 1144 2870 secretus.
1164 2847 1196 2856 ·-
1215 2812 1279 2875 778.

109 2884 205 2937 colui
220 2885 379 2946 bonores,
406 2887 438 2937 ut
455 2884 519 2939 alibi
537 2900 622 2948 suere,
640 2883 783 2954 religiones
801 2884 895 2938 colere.
929 2884 1082 2953 Conington
1101 2884 1205 2937 confert
1222 2882 1281 2936 Lis.

109 2952 159 3019 111,
178 2957 228 3015 57,
257 2953 304 3005 ubi
321 2953 475 3021 religiones,
508 2956 536 3007 et
555 2952 610 3006 Cio.
628 2952 705 3006 Tusa.
725 2952 747 3017 Ι,
768 2956 808 3013 ti,
827 2957 880 3015 27,
908 2952 956 3005 nbi
984 2952 1169 3005 caerimonias
1191 2950 1281 3004 colere

109 3020 225 3088 legatur.
262 3019 302 3074 De
334 3019 384 3073 bac
412 3024 504 3073 autem
523 3020 626 3074 ratione
644 3019 708 3074 deos
726 3020 867 3073 invocandi
887 3035 933 3088 per
952 3018 1082 3072 eiusmodi
1100 3018 1280 3087 captationem

109 3087 324 3141 benevolentiae:
355 3088 381 3140 si
401 3105 507 3158 semper
529 3104 578 3141 vos
592 3087 669 3140 colai
685 3090 749 3144 cett.
785 3086 870 3142 Thiel.
889 3085 1004 3140 conferri
1020 3085 1096 3138 iubet
1114 3085 1192 3138 Ovid.
1213 3084 1280 3162 liet.

109 3154 185 3219 Vlll,
204 3158 262 3208 350.
291 3155 350 3208 Tib.
369 3154 420 3214 ΠΙ,
439 3159 463 3216 t,
485 3159 523 3209 13.
544 3158 572 3209 et
589 3154 660 3209 Stat.
678 3154 760 3208 Theb.
779 3154 813 3218 X,
833 3157 890 3208 769,
925 3151 1030 3207 Addere
1049 3152 1173 3214 debebat,
1198 3154 1279 3205 etism

110 3220 153 3275 bic
171 3221 317 3276 Homerum
347 3222 493 3290 praeivisse
510 3221 590 3276 Iliad.
607 3222 676 3285 1,33
696 3238 745 3292 sq,
775 3222 821 3274 nbi
850 3220 902 3274 vid.
923 3221 1007 3290 Heyn.
1043 3220 1171 3273 Ceterum
1201 3219 1282 3272 verba

109 3290 185 3342 colui
212 3297 316 3344 vesum
346 3291 373 3342 si
396 3306 501 3360 semper
517 3289 636 3344 bonores
651 3291 812 3358 repetuntur
828 3288 856 3341 in
874 3287 957 3342 Antb.
976 3287 1036 3341 Lat.
1055 3287 1077 3350 1,
1098 3290 1153 3352 173,
1172 3289 1229 3339 353.
1248 3315 1282 3324 —-

110 3355 173 3415 7711.
192 3357 303 3477 {erere
317 3375 382 3427 pro
389 3359 506 3422 fanos,
526 3373 588 3411 oum
606 3356 791 3411 exscinderent
808 3356 930 3410 arborem
948 3359 983 3420 (v.
1005 3359 1053 3407 771)
1072 3357 1131 3434 sq).
1164 3352 1205 3406 ef.
1224 3353 1281 3407 bia·

109 3425 179 3478 orob.
206 3424 243 3489 Π,
262 3428 287 3488 3,
308 3432 330 3480 3.
349 3441 375 3493 p.
394 3428 452 3480 270.
468 3425 535 3491 Ian,
553 3424 599 3506 qui
618 3424 705 3492 docet,
724 3425 758 3478 id
768 3423 886 3495 proprie
903 3422 1055 3493 profanum
1074 3423 1140 3489 daei,
1156 3423 1234 3491 quod
1250 3438 1282 3501 ea

108 3490 241 3560 relipr‘oso
271 3493 315 3547 vet
342 3511 424 3546 sacro
442 3493 472 3546 io
489 3493 626 3546 lumnam
642 3511 720 3546 mum
737 3509 897 3547 cananeum
914 3499 958 3544 ast⁴
996 3490 1073 3544 Hunc
1091 3504 1207 3552 versum,
1255 3505 1282 3541 ur

110 3557 214 3627 Heynio
244 3561 333 3639 tenuis
359 3564 386 3615 et
403 3560 480 3615 exilis
497 3561 570 3614 risus
589 3562 640 3627 est,
668 3561 736 3615 satis
754 3559 857 3613 roboris
883 3559 1002 3678 sccippre
1020 3573 1050 3612 er
1069 3557 1190 3637 opposito
1208 3505 1285 3637 coins·

108 3635 212 3679 uestros
243 3645 268 3679 ss
294 3645 401 3698 semper
417 3630 539 3691 honores,
569 3629 637 3682 bene
657 3627 782 3682 observat
798 3627 875 3682 iahn.
894 3626 929 3680 ad
974 3625 1022 3688 111,
1040 3628 1107 3690 ost,
1126 3640 1168 3678 cur
1186 3626 1282 3678 mento

110 3693 264 3747 adsentitur
281 3695 376 3765 Wagn.
413 3695 571 3765 completur
603 3695 673 3749 enim
696 3695 748 3750 boc
765 3711 843 3749 versu
860 3693 988 3764 precandi
1005 3706 1098 3747 causa:
1127 3693 1237 3746 Faunus
1254 3695 1282 3746 et

110 3760 201 3823 Terre,
221 3760 287 3815 mihi
305 3764 404 3825 iarete,
435 3779 503 3834 quos
521 3779 626 3832 semper
644 3761 726 3826 colai;
757 3762 841 3816 nolite
859 3760 986 3831 opitulari
1003 3759 1045 3823 iis,
1070 3760 1115 3830 qui
1134 3776 1180 3814 vos
1199 3759 1282 3813 viola·

109 3832 182 3879 runt.
218 3827 435 3899 Peerlkampinm
453 3834 544 3885 tamen
565 3829 636 3883 huno
655 3847 761 3884 versum
779 3833 918 3900 tamquam
938 3848 951 3883 s
971 3828 1057 3882 urium
1076 3830 1178 3894 notare,
1205 3843 1282 3881 nemo

110 3893 261 3950 mirabitur,
297 3895 350 3951 Pro
369 3899 441 3951 bello
459 3899 537 3967 pauci
555 3898 665 3967 quidam
683 3897 765 3951 Codd.
785 3898 871 3964 ferro,
899 3846 970 4017 <paud
990 3895 1060 3950 idem
1078 3894 1182 3951 Peerlk.
1201 3893 1283 3963 paulo

111 3961 206 4014 melius
224 3967 323 4018 censet.
344 3995 376 4004 —
394 3982 492 4020 cosso
509 3966 546 4018 ire
565 3973 652 4018 eota.
689 3965 748 4018 Vid.
774 3963 808 4017 ad
828 3963 891 4018 (ico.
951 3963 1282 4026 387.111,1110.311133.

109 4029 146 4092 11,
164 4032 206 4083 37).
226 4058 259 4068 —-
279 4029 340 4090 781.
373 4032 463 4085 lento
488 4034 520 4085 tn
550 4034 616 4085 stir
644 4049 671 4096 e,
700 4032 717 4085 i.
737 4050 761 4101 q¹
780 4048 805 4085 v.
825 4036 883 4086 773.
914 4005 987 4085 deute
1007 4032 1037 4083 in
1065 4031 1169 4083 radice.
1204 4027 1282 4082 Cete-

109 4113 168 4150 rum
187 4096 238 4151 vid.
257 4113 339 4167 supra
357 4098 392 4152 ad
410 4115 434 4152 r.
455 4103 512 4153 770.
531 4129 563 4138 -
583 4050 647 4159 7811.
669 4099 885 4167 „discludere
901 4117 1027 4152 morsus
1044 4098 1193 4157 roboris,
1211 4095 1281 4149 eius·

109 4165 170 4218 dem
188 4164 288 4219 radicis
316 4182 338 4220 s.
355 4166 446 4220 trunci
486 4167 531 4236 qni
555 4167 748 4221 ferramentum
770 4169 862 4220 bastae
881 4167 1000 4236 [forcipis
1017 4165 1112 4235 instar]
1132 4167 1207 4218 arcte
1226 4179 1282 4217 am·

109 4232 203 4304 plexus
221 4235 288 4296 erat,
318 4237 349 4287 ut
366 4206 475 4288 difficiie
494 4237 567 4288 esset
585 4234 619 4287 ad
637 4234 803 4291 solvendum.
839 4234 883 4288 Sic
900 4236 1006 4288 mordet
1016 4231 1108 4301 fibula
1125 4231 1190 4301 [vid.
1208 4230 1243 4284 ad
1259 4231 1283 4299 1,

112 4300 235 4356 1331111
267 4304 324 4354 774.
344 4301 418 4371 31.].“
453 4301 542 4382 Hepn.
578 4302 703 4356 Ceterum
733 4303 802 4356 mira
831 4301 875 4355 hie
904 4300 1113 4371 deprehenditur
1130 4298 1213 4353 Codd.
1236 4314 1282 4352 ra·

109 4368 199 4423 rictas.
235 4342 304 4422 bled.
329 4384 399 4424 am.
417 4386 457 4439 pr.
476 4371 638 4436 decurrere,
669 4385 749 4439 quam
767 4369 910 4423 lectionem
935 4369 1017 4423 etism
1036 4367 1104 4420 Gud.
1124 4381 1282 4420 commemo·

109 4439 160 4499 rat,
192 4436 272 4490 Bern.
290 4436 326 4490 Π.
347 4436 446 4507 aliique
464 4435 602 4500 divellere,
633 4437 697 4491 Vsn.
724 4437 897 4505 ‹tiseimsre5
928 4451 1010 4518 quare
1027 4433 1166 4488 Ribbeck:
1197 4433 1283 4497 „Gon-

108 4503 231 4558 ieetando
261 4505 367 4558 datram
387 4521 439 4568 ere,
468 4505 633 4572 dssisrnpere,
663 4505 827 4575 discerpere,
854 4507 1027 4572 distrrnpere,
1049 4501 1180 4555 divellere
1196 4500 1283 4569 possis

109 4571 352 4694 1111111131
374 4570 733 4702 B'rbirbarioit'ii‘tiiiim
745 4590 801 4693 ‘¹⁶5
805 4572 907 4692 131111
912 4579 942 4691 11
946 4569 1191 4706 itliliffibll
1198 4568 1281 4690 inii·

165 4680 203 4705 *t
269 4680 275 4702 r
341 4671 389 4693 ··“’
461 4682 496 4706 ·ιι
704 4656 776 4710 ‚quo
911 4656 919 4692 ¹
1275 4679 1281 4693 ·
