2872 5070
187 277 249 342 690
585 268 699 338 CIBIS
722 292 752 336 v.
775 272 959 337 352-369.

187 440 384 527 Hesperium
405 439 521 521 vitant,
544 446 659 525 optant
680 435 852 502 ardescere
872 435 979 501 Eoum
1000 470 1039 482 -

189 524 379 610 Praeceptis
399 531 493 610 paret
514 521 609 607 virgo
630 521 767 586 nutricis
789 529 822 585 et
847 540 958 584 omnes

190 607 343 694 Undique
365 606 526 694 conquirit
546 603 690 669 nubendi
713 601 827 668 sedula
849 624 976 668 causas.

190 689 273 754 Tem
299 698 409 754 tantur
432 689 559 777 patriae
582 685 754 752 submissis
777 685 913 751 vocibus
934 705 1030 750 aures

187 772 260 838 Lau
285 781 445 860 anturque
465 771 573 837 bonae
594 771 687 857 pacis
709 769 811 852 bona3
833 768 954 834 multus
974 769 1106 852 ineptae

188 857 337 942 Virginis
359 854 490 921 insolito
513 877 619 920 sermo
641 875 746 918 novus
764 861 853 917 errat
873 853 907 916 in
929 874 994 916 ore.

189 939 284 1004 Nunc
306 949 445 1003 tremere
466 938 619 1002 instantis
643 934 720 1002 belli
743 936 922 1000 certamina
943 932 1024 999 dicit

190 1022 466 1109 Communemque
487 1022 601 1085 timere
623 1018 729 1102 deum,
752 1041 837 1084 nunc
856 1021 944 1105 regis
966 1016 1090 1097 amicis,

188 1104 323 1193 Iamque
344 1106 410 1191 ipsi
433 1106 539 1169 verita
560 1114 618 1186 est,
641 1102 757 1167 orbum
778 1102 834 1167 flet
856 1110 982 1166 maesta
1004 1108 1185 1188 parentem,
1329 1122 1378 1172 350

190 1189 273 1256 Cum
296 1188 374 1253 Iove
397 1209 583 1253 communes
606 1209 702 1273 quem
722 1188 845 1271 parsit
865 1184 987 1249 habere
1007 1191 1152 1271 nepotes,

189 1272 283 1338 Nunc
307 1272 404 1335 etiam
428 1271 567 1336 conficta
589 1268 662 1335 dolo
683 1267 856 1334 mendacia
877 1270 965 1355 turpi

188 1354 317 1420 Invenit
339 1362 371 1418 et
393 1353 503 1419 divom
525 1362 626 1418 terret
646 1350 822 1417 formidine
844 1353 950 1434 cives3

190 1437 285 1502 Nunc
306 1437 373 1503 alia
394 1459 436 1502 ex
459 1437 531 1502 aliis
555 1470 595 1482 -
615 1458 676 1501 nec
696 1434 875 1500 desunt-
895 1435 1004 1499 omina
1026 1434 1163 1520 quaerit.

191 1520 280 1601 Quin
302 1521 400 1585 etiam
422 1529 529 1585 castos
552 1540 633 1584 ausa
656 1527 706 1583 est
726 1539 936 1605 corrumpere
956 1528 1059 1597 vates,
1323 1542 1370 1592 355

190 1603 245 1685 Ut,
269 1626 341 1669 cum
363 1626 460 1668 caesa
482 1606 537 1690 pio
561 1599 734 1667 cecidisset
754 1603 888 1666 victima
908 1601 1005 1683 ferro,

189 1685 310 1751 Essent
331 1689 387 1774 qui
408 1708 563 1773 generum
586 1685 698 1749 Minoa
719 1684 906 1750 auctoribus
925 1686 1009 1748 extis

189 1771 328 1855 Iungere
351 1779 382 1833 et
403 1771 562 1855 ancipites
586 1768 760 1833 suaderent
780 1767 892 1833 tollere
914 1788 1052 1853 pugnas.

272 1854 316 1917 At
335 1855 445 1917 nutrix
467 1852 581 1938 patula
602 1872 787 1938 conponens
810 1851 935 1915 sulfura
956 1858 1040 1914 testa

193 2166 337 2222 Ribbeclrio
349 2165 422 2220 laud.
441 2168 522 2235 atque
539 2166 635 2220 Markl.
655 2166 690 2220 ad
708 2165 777 2219 sut.
791 2165 854 2220 sui.
866 2165 904 2234 11,
924 2170 948 2228 2,
967 2169 1008 2219 45.
1022 2195 1053 2204 -
1066 2161 1129 2226 362.
1144 2165 1365 2237 Hesperium.

192 2234 250 2289 scil.
269 2233 352 2313 sidua²
370 2235 530 2301 Hesperum,
559 2239 588 2286 et
610 2234 650 2288 sic
667 2232 750 2287 etiam
770 2234 886 2298 Eoum,
916 2232 987 2301 quod
1005 2233 1090 2302 sillig.
1109 2232 1196 2287 edidit
1213 2251 1247 2288 ex
1266 2235 1367 2290 Heinsii

192 2307 221 2357 et
237 2302 355 2356 Bentleii
385 2301 452 2355 coni.
477 2317 525 2369 pro
542 2300 616 2369 vulg.
634 2300 725 2356 colem.
760 2301 893 2369 Apertum
911 2304 952 2354 est
970 2301 1049 2365 enini,
1079 2303 1175 2369 poetae
1194 2306 1260 2356 ante
1277 2301 1367 2357 oculos

192 2371 275 2424 fuisse
294 2368 498 2432 Callimachum,
529 2369 574 2438 qui
604 2368 701 2437 fragm.
722 2367 781 2422 LII.
813 2368 847 2421 de
875 2367 971 2438 puellis
1002 2371 1030 2422 et
1048 2367 1168 2437 Hespero
1189 2368 1259 2424 haec
1280 2369 1366 2424 cauit:

193 2437 282 2492 αὑτὸν
312 2439 365 2509 μὲν
395 2434 530 2516 imitatum,
562 2434 651 2489 αὐτὸν
681 2438 715 2487 δέ
738 2455 768 2488 τε
801 2442 976 2515 naumurum·
1001 2435 1109 2515 ¹Scilicet
1136 2436 1258 2516 virgines
1277 2453 1367 2517 recens

192 2503 575 2650 saumatizatus.
593 2506 736 2650 6666
752 2504 839 2624 itt.
862 2503 1367 2636 uilurlmuutmu

195 2639 269 2692 sidus
288 2639 449 2707 siguificare,
480 2642 546 2692 satis
565 2642 667 2693 notum.
702 2638 763 2691 Vrd.
784 2637 818 2692 ad
837 2638 890 2692 Ecl.
949 2639 984 2705 ΙΙ,
1005 2643 1045 2693 30.
1064 2671 1096 2679 -
1114 2638 1178 2699 366.
1208 2648 1307 2693 errat
1336 2641 1367 2692 ta

194 2724 261 2762 ore.
297 2705 380 2759 Codd.
400 2714 466 2759 erut.
498 2706 558 2758 Vid.
576 2706 695 2760 Huscbk.
716 2705 750 2759 ad
767 2705 826 2759 Tib.
845 2706 893 2767 lv,
914 2711 935 2773 1,
954 2711 1011 2760 202.
1032 2737 1059 2745 -
1080 2706 1143 2767 359.
1166 2706 1367 2761 Communem

194 2776 302 2835 deum,
333 2774 435 2828 variam
459 2772 522 2826 belli
542 2773 687 2837 fortunam,
719 2776 751 2826 nt
769 2773 835 2827 alibi
852 2779 887 2841 (v.
908 2791 930 2827 c.
949 2774 1006 2828 Liv.
1024 2774 1107 2841 XXX,
1125 2777 1178 2840 30.)
1195 2775 1282 2829 Mam
1299 2793 1367 2828 com·

193 2842 290 2894 munia
318 2842 360 2896 Sic
381 2841 462 2894 etiam
481 2840 552 2894 iusra
572 2841 660 2895 Catal.
678 2842 726 2908 XI,
746 2845 787 2894 50.
807 2840 978 2895 Communem
995 2842 1062 2895 aeui·
1077 2859 1125 2895 aec
1141 2843 1264 2896 amoueo
1281 2847 1367 2897 daim.

194 2910 236 2963 cf.
255 2908 346 2964 Burin.
377 2907 489 2962 Anthol.
512 2907 573 2963 Lat.
591 2907 612 2962 Ι.
632 2925 657 2977 p.
679 2913 735 2963 299.
766 2907 926 2964 etGronov.
946 2909 1024 2965 Obss.
1044 2909 1201 2977 1V,1r.-
1221 2910 1367 2981 Sequentia

193 2976 275 3044 vulgo
288 2977 326 3030 sio
337 2976 477 3044 leguntur:
497 3006 509 3016 ·
527 3005 538 3015 -
557 2977 673 3030 amicos·
693 2977 829 3045 (Namque
846 2978 907 3047 ipso
924 2978 1013 3031 ueruto
1030 2985 1068 3031 eat
1086 2978 1184 3031 orbari
1199 2988 1303 3033 maesta
1316 2997 1367 3051 pu·

193 3048 295 3113 route),·
313 3044 360 3097 sed
380 3059 471 3098 omnes
489 3042 589 3113 Silligii
606 3017 690 3099 (lodd.
710 3043 835 3097 exhibent
853 3046 958 3107 amicte,
979 3046 1053 3099 Nam
1123 3046 1181 3114 ipat
1196 3048 1300 3101 veritae
1316 3053 1367 3101 eat:

194 3113 285 3165 urbem
310 3113 363 3180 jtet
392 3119 495 3164 macuta
516 3119 658 3181 pareutum
697 3111 767 3166 unde
788 3111 836 3165 Vir
853 3111 922 3167 doct.
942 3113 1030 3167 effecit
1076 3131 1129 3167 um
1145 3114 1208 3193 ι’ρεα
1227 3118 1316 3168 uerita
1333 3121 1367 3168 ut

194 3183 254 3244 etc,
285 3184 316 3232 ut
347 3178 539 3247 ditataque,
570 3194 598 3233 se
616 3151 762 3233 soliicitam
781 3195 839 3233 essa
857 3180 890 3234 de
908 3180 967 3234 vita
984 3180 1069 3250 patris
1087 3184 1115 3235 et
1133 3196 1191 3234 ems
1211 3182 1367 3237 amicorum.

194 3247 234 3301 De
255 3247 453 3301 constructione
467 3247 543 3300 verbi
557 3249 671 3300 uueridi
687 3263 748 3300 cnm
761 3247 858 3300 Dativo
871 3248 959 3317 sillig.
979 3248 1092 3302 conferri
1109 3249 1186 3303 iubet
1203 3249 1318 3320 Herzog.
1336 3248 1368 3303 ad

194 3315 271 3370 Caes.
290 3314 321 3369 B.
340 3315 373 3369 G.
393 3315 425 3378 V,
444 3320 477 3380 9.,
508 3313 541 3368 de
569 3316 719 3369 mutatione
745 3317 837 3370 autem
856 3318 911 3368 tem
933 3332 1008 3370 orum
1038 3316 1108 3371 di'cu
1124 3347 1155 3355 —-
1174 3318 1265 3372 uerita
1282 3326 1322 3371 eu
1338 3348 1368 3356 -

189 3383 250 3450 stet)
268 3382 374 3462 Ruhuk.
393 3383 427 3435 ad
445 3382 508 3435 unt.
527 3382 593 3450 Imp.
612 3399 637 3451 p.
656 3387 697 3436 45.
716 3386 744 3436 et
762 3383 811 3436 Wo
831 3382 897 3437 kens
914 3333 1001 3438 bectt.
1020 3322 1090 3437 dull.
1108 3384 1159 3446 111,
1180 3388 1203 3439 7.
1222 3402 1248 3455 p.
1269 3388 1318 3439 278
1330 3401 1367 3453 sq.

194 3450 235 3502 Cf.
267 3453 349 3503 etiam
380 3449 677 3518 adnotationem,
698 3453 756 3504 284.
819 3454 867 3510 ,3.
886 3454 914 3506 et
931 3452 989 3506 (lul.
1009 3468 1033 3505 r.
1055 3456 1112 3506 146.
1147 3452 1239 3507 Verba
1256 3452 1368 3522 denique

195 3517 306 3569 orbum
330 3517 404 3596 stet
428 3525 564 3597 maesta·
580 3526 758 3597 pareutum
775 3518 820 3597 'ad
837 3518 924 3587 ipsam
942 3519 1058 3589 Scyllam
1076 3519 1168 3582 refert,
1202 3535 1272 3590 quae
1291 3520 1324 3575 de
1340 3536 1369 3573 ae

195 3599 300 3652 quoque
317 3600 395 3637 anna
413 3587 449 3638 sit
467 3587 494 3639 et
513 3586 593 3639 facile
612 3588 683 3640 vitae
702 3585 844 3640 discrimen
861 3602 890 3640 se
908 3587 981 3641 adire
1001 3603 1078 3667 posse
1096 3587 1214 3655 cogitet;
1238 3591 1272 3642 ut
1289 3586 1369 3641 simul

195 3666 248 3704 non
265 3650 401 3720 inelegans
419 3652 478 3705 loco
504 3653 569 3706 insit
586 3652 722 3721 gradatio:
775 3653 872 3707 rimum
891 3653 924 3708 de
942 3659 1028 3735 patris
1046 3655 1148 3720 amieis,
1178 3659 1238 3709 tuin
1257 3654 1292 3710 de
1313 3656 1369 3725 ipso

194 3721 280 3787 patre,
299 3717 406 3797 'deinde
428 3719 468 3799 ‘de
497 3736 526 3773 se
555 3720 621 3799 adeo
651 3725 693 3775 est
722 3671 848 3775 aedicita.
883 3722 1025 3791 Equidem,
1052 3739 1113 3777 cuin
1129 3722 1196 3777 haec
1216 3723 1322 3792 Scyllae
1337 3722 1369 3776 de

195 3790 357 3853 semetipsa
376 3786 538 3855 aolhcitudq
556 3788 690 3857 imprimis
710 3789 797 3843 sicar
817 3806 900 3857 ressa,
920 3791 1009 3844 minus
1027 3790 1078 3845 huc
1097 3790 1230 3859 quadrare
1247 3790 1370 3846 rideatur

194 3858 223 3906 et
242 3869 303 3932 euin
323 3854 406 3908 etiam
425 3869 538 3934 sequens
557 3871 657 3921 versus,
690 3873 769 3925 quein
788 3807 874 3927 daug.
893 3859 973 3928 plane
993 3858 1224 3927 ἀπροσδιόνυσον
1240 3858 1369 3914 iudicarit

195 3924 224 3974 et
241 3936 317 3975 cuius
335 3921 496 3975 emendandi
515 3938 548 3975 ne
585 3923 715 3978 erioulnm
735 3923 843 3995 quidem
861 3925 933 3993 fecit,
956 3925 1144 3981 ineluctabiles
1162 3926 1302 3981 contineat
1320 3925 1370 3980 dii·

194 3989 339 4054 fieultates‚
358 3989 544 4070 priuatotnm
562 3940 633 4045 dunc
652 3992 748 4071 locum,
766 3993 793 4046 in
812 4009 865 4063 quo
883 3993 982 4048 lacum
1000 3994 1148 4049 statuenda
1165 3994 1211 4060 sit,
1230 3997 1369 4065 tamquam

194 4057 391 4111 conclamatum
409 4057 574 4112 mittendum
593 4075 692 4123 censui,
711 4062 856 4130 propterea
872 4061 996 4115 aPtltzio
1015 4062 1033 4116 l.
1046 4061 1064 4118 l.
1076 4062 1258 4131 vituperatus,
1276 4078 1370 4131 qnam·

193 4140 273 4193 quain
294 4125 376 4179 etiam
387 4125 473 4194 Heyu.
486 4142 526 4181 vv.
541 4131 682 4182 359-361.
697 4144 820 4198 cumpro
836 4144 944 4197 „panno
957 4132 1069 4183 assuto‘·
1082 4129 1225 4186 habuerat.
1243 4130 1323 4184 Nunc
1333 4129 1371 4183 lo-

194 4207 254 4313 qptm
266 4192 632 4316 daffbiffl'iubaderbiiupffid
652 4196 812 4317 qoniebcturis
830 4197 989 4320 qmersspttus
1006 4201 1056 4253 est.
1074 4197 1299 4321 ffibffi.1haee
1317 4196 1371 4252 edi·

240 4277 246 4312 :
583 4282 601 4316 a
639 4283 653 4317 a
686 4282 720 4317 or
738 4282 783 4318 am
864 4283 890 4318 m
948 4283 967 4318 a
1101 4306 1107 4330 ‚

192 4344 285 4407 mauce
303 4279 354 4408 qd·
368 4279 439 4383 uoiit
454 4321 554 4384 habere
578 4339 695 4400 nepotes.
732 4266 851 4387 Benosiust.
870 4350 896 4389 v.
914 4337 972 4388 360.
1005 4283 1155 4404 additium,
1184 4352 1211 4388 v.
1231 4283 1371 4390 puppeque-m

194 4395 370 4449 Ribbeckium
389 4402 498 4451 secutus
517 4403 567 4452 est.
588 4429 614 4437 -
638 4398 701 4459 366.
720 4401 901 4454 cecidiaaet
917 4403 1057 4456 victima
1097 4420 1182 4457 erro.
1213 4401 1256 4456 Cf.
1270 4400 1370 4457 Catuli.

194 4462 291 4543 LXIV,⁸
309 4467 366 4543 369.
384 4468 558 4519 succumbam
575 4467 687 4520 uictima
720 4483 790 4523 erro.
810 4498 842 4507 —
863 4469 894 4523 V.
914 4468 978 4529 367·
997 4478 1025 4524 et
1080 4472 1107 4530 8.
1126 4487 1188 4525 cum
1204 4469 1327 4540 Hauptie
1345 4473 1372 4525 et

192 4532 682 4666 lltlssltl:..ttuluuffltt
696 4535 1000 4659 obtuderat
1017 4537 1371 4661 usuuuutll‘:

193 4660 295 4718 uiuent.
330 4697 363 4705 -
398 4642 600 4723 auctoritua'
630 4671 731 4734 eatae,
762 4672 793 4724 ut
822 4649 888 4727 Λευ.
917 4672 954 4736 x,
981 4623 1035 4730 o’i.e
1052 4675 1122 4743 sam
1144 4647 1312 4764 tamam.
1330 4623 1371 4713 εἶ
