2872 5070
322 242 592 312 PROOEMIUM
612 243 845 314 EDITIONIS
868 243 1076 310 TERTIAE.
1220 262 1282 309 x111

112 422 179 494 est,
208 421 245 476 ut
269 433 334 476 non
355 411 419 475 nisi
442 410 482 475 de
506 413 662 476 memoria
684 410 885 496 dignissimis
907 420 938 474 et
960 412 1102 475 maxime
1124 411 1281 497 speciosis

113 494 265 583 pluribus
287 493 396 559 verbis
409 493 637 580 disceptarem,
657 504 782 559 ceteras
804 501 921 574 autem,
943 495 1104 581 imprimis
1119 516 1192 558 cum
1214 492 1282 579 ple·

113 601 233 663 raeque
254 577 411 642 eiusmodi
433 588 550 651 essent,
594 600 655 643 uae
676 578 730 643 lon
755 601 775 641 a
789 578 981 642 refutatione
1004 599 1068 642 non
1088 575 1281 660 indigerent,

112 661 214 727 verbo
243 660 406 725 indicasse
432 663 511 724 satis
539 600 703 726 hrilrerem.
774 668 921 725 raeterea
951 672 1059 725 autem
1086 670 1153 725 tam
1181 657 1284 723 multa

114 747 250 823 correxi,
266 746 369 826 omisi,
386 745 420 808 in
433 742 567 809 brevius
581 746 741 826 contraxi,
757 753 823 808 tam
838 741 939 808 multa
952 747 1058 826 etiam,
1077 765 1161 832 quae
1173 765 1283 808 neces·

114 829 203 893 saria
223 827 435 904 videbantur,
459 826 499 892 de
522 849 594 893 meo
618 828 733 902 adieci,
759 837 795 891 ut
815 827 872 891 illa
892 826 992 891 editio
1014 828 1084 891 iure
1104 827 1284 913 meritoque

111 920 233 994 „aucta
255 921 287 976 et
312 909 410 997 plane
431 911 621 975 immutata“
644 911 709 976 dici
730 920 850 997 posset.
892 909 1104 997 Eandemque
1126 912 1283 974 rationem

113 996 210 1059 etiam
233 995 268 1059 in
289 993 352 1058 hac
373 995 471 1059 tertia
493 993 634 1059 editione
657 1005 786 1060 secutus
808 1015 889 1067 sum,
917 995 1007 1058 cuius
1027 992 1116 1058 nulla
1137 994 1204 1058 fere
1226 1015 1283 1080 pa·

113 1080 192 1164 gina
212 1076 329 1142 multas
351 1099 552 1163 magnasque
574 1079 768 1143 mutationes
786 1100 851 1142 non
874 1087 1010 1176 experta
1032 1085 1096 1153 est,
1144 1099 1202 1141 uas
1224 1098 1286 1141 nec

113 1165 197 1226 inter
232 1161 455 1248 geographica
483 1160 592 1226 studia
616 1183 768 1249 umquam
796 1160 892 1247 plane
919 1161 1108 1225 intermissa
1122 1099 1284 1246 Virgilia-

111 1268 227 1309 norum
242 1248 422 1308 carminum
436 1244 530 1309 lectio
573 1247 755 1319 roroeavit,
779 1265 975 1332 quamquam
990 1266 1054 1307 non
1069 1266 1164 1342 nego,
1186 1245 1284 1307 etiam

114 1327 198 1392 alias
222 1329 356 1414 Virgilii
376 1327 535 1393 editiones
550 1267 608 1392 lis
629 1329 789 1427 proximis
808 1328 901 1391 annis
923 1325 1047 1452 publici
1068 1329 1147 1391 iurrs
1170 1327 1284 1407 factas,

113 1412 318 1496 Wagneri
340 1411 547 1497 potissimum
569 1410 742 1475 editionem
764 1412 950 1486 minorem)
983 1418 1016 1474 et
1034 1410 1285 1474 Gossravia·

114 1497 239 1572 nam⁴)
258 1495 424 1558 Aeneidos
448 1493 633 1567 editionem,
656 1492 744 1556 haud
767 1513 874 1578 pauca
894 1491 973 1555 mihi
1019 1492 1195 1567 raebuisse,
1217 1493 1285 1579 qui·

114 1577 174 1643 bus
189 1577 365 1642 editionem
376 1596 484 1639 meam
498 1596 652 1659 augerem
667 1590 699 1638 et
714 1573 914 1660 supplerem3
930 1514 1017 1660 quod
1031 1576 1094 1639 viri
1108 1575 1156 1640 illi
1167 1575 1286 1639 doctis·

115 1662 190 1725 simi
221 1681 259 1723 eo
289 1660 396 1722 minus
428 1656 668 1740 gravabuntur,
703 1678 766 1742 quo
793 1659 898 1742 magis
930 1679 1001 1721 sese
1028 1659 1126 1722 etiarn
1153 1679 1226 1722 mea
1252 1658 1287 1723 in

115 1765 212 1808 suam
234 1763 304 1803 rem
326 1741 525 1804 convertisse
548 1741 660 1822 sciant,
682 1749 717 1804 ut
738 1739 791 1803 hic
810 1739 890 1804 illud
910 1739 1028 1823 „Hane
1049 1743 1178 1805 veniam
1206 1742 1287 1840 peti·

117 1845 256 1909 musque
279 1822 455 1910 damusque
477 1823 642 1887 vicissim“
663 1823 732 1887 iure
747 1823 856 1888 valere
868 1822 1028 1889 videatur.
1051 1823 1286 1909 Ladewrgii

120 1907 295 1971 editionem
309 1909 346 1986 ⁵),
370 1927 451 1991 quae
478 1906 590 1971 eodem
620 1914 781 1993 tempore,
809 1929 872 1993 quo
904 1906 986 1972 haec
1007 1930 1090 1990 mea,
1115 1907 1174 1973 sub
1218 1907 1285 1973 relo

120 1990 397 2075 typographorum
414 1988 552 2072 sudavit,
571 2013 636 2054 non
650 1991 713 2053 nisi
723 1992 757 2053 in
774 1992 929 2054 extremis
942 1988 1177 2075 Georgicorum
1193 1930 1286 2056 libris

118 2072 284 2136 consulere
302 2073 404 2157 potui,
429 2074 615 2157 pariterque
627 2072 730 2155 doleo,
753 2095 804 2136 me
817 2072 893 2139 (lar.
914 2073 1085 2138 Ameisii
1109 2074 1230 2160 Spioile
1255 2077 1285 2139 'o

117 2154 373 2303 explicationum
404 2155 660 2241 Virgilianarum
695 2156 830 2232 (Miihlh.
861 2161 971 2234 1851.),
1003 2180 1066 2243 quo
1104 2157 1144 2221 de
1177 2181 1210 2221 m
1245 2158 1286 2221 tis

114 2238 164 2303 Ec
177 2260 312 2324 agarum
350 2247 382 2302 et
404 2238 589 2325 Georgicon
611 2238 691 2304 locis
709 2242 836 2318 (contra
857 2238 1058 2325 Wagnerum
1086 2250 1118 2305 et
1139 2240 1286 2305 Ladewi·

114 2324 217 2408 gium)
242 2320 431 2386 doctissime
451 2320 632 2404 disseritur,
653 2323 699 2386 uti
722 2323 918 2410 nequivisse,
942 2345 1015 2388 cum
1033 2322 1102 2389 Vol.
1125 2323 1149 2389 Ι.
1174 2323 1286 2388 editio·

115 2408 166 2470 nis
188 2426 280 2469 meae
299 2406 364 2468 iam
388 2427 416 2470 a.
440 2411 529 2473 1850.
552 2415 690 2471 exeunte
710 2414 813 2470 totum
835 2408 923 2492 typis
945 2405 1147 2492 descriptum
1162 2409 1287 2486 essetl).

116 2487 210 2569 Quae
241 2497 349 2551 eutem
384 2499 555 2575 praeterea
588 2509 691 2574 nuper
718 2490 751 2552 in
783 2493 904 2554 exteris
937 2487 1128 2576 prodierunt
1154 2489 1287 2577 Virgilii

118 2572 276 2635 editiones
289 2573 322 2648 Ἰ),
345 2593 386 2635 ex
408 2574 448 2636 iis
470 2571 566 2658 plane
588 2571 668 2636 nihil
690 2594 807 2657 capere
820 2573 911 2658 potui
927 2573 1019 2637 lucri.
1063 2573 1185 2638 Contra
1206 2573 1288 2638 haec

115 2656 213 2719 tertia
235 2653 334 2718 editio
357 2656 455 2719 aliam
477 2666 614 2741 experta
637 2665 688 2719 est
702 2659 922 2720 accessionem
939 2659 1017 2720 satis
1032 2656 1286 2738 memorabilem,

116 2761 213 2825 quam
240 2738 424 2803 hominibus
453 2738 590 2803 literatis
618 2736 706 2802 haud
728 2740 890 2823 ingratam
910 2741 980 2803 fore
1006 2763 1021 2802 s
1047 2762 1184 2804 eramus.
1227 2740 1287 2803 Vir

115 2823 203 2884 enim
233 2821 438 2886 doctissimus
466 2821 592 2885 Iames
622 2821 774 2908 Henry,
803 2821 948 2887 medicus
976 2762 1204 2905 DnGJlinensis,
1233 2823 1288 2909 qui

118 2905 191 2969 aliis
211 2904 359 2969 omnibus
382 2907 520 2991 negotiis
540 2904 696 2990 depositis
715 2906 778 2969 iam
796 2928 837 2970 ex
857 2904 982 2993 aliquot
1004 2908 1098 2970 annis
1113 2915 1199 2971 totus
1215 2928 1286 2970 ver·

116 2997 208 3052 satur
237 2989 271 3052 in
297 2987 444 3054 Aeneide
472 2988 709 3074 perscrutanda
738 2991 922 3074 rectiusque
928 3038 937 3071 ,
963 3011 1059 3074 quam
1087 2989 1151 3075 ipsi
1179 2988 1286 3054 adhue

150 3259 176 3324 3)
195 3256 229 3311 P.
247 3253 355 3335 Virgilii
373 3252 498 3332 ⁸Maronis
520 3251 647 3305 Carmina
669 3251 786 3307 breviter
809 3253 944 3307 enarravit
965 3252 1038 3307 Pla.
1061 3254 1187 3322 Wagner.
1209 3251 1284 3324 Lips.

118 3321 609 3460 ¹8ilii·Vlia'liidlllarlolriislflAldneis.
647 3388 677 3442 ln
696 3405 775 3443 usum
793 3389 874 3443 schol.
894 3390 1068 3444 annotatione
1081 3392 1212 3460 perpetua
1225 3391 1287 3446 illu·

117 3462 217 3515 stravit
235 3459 280 3514 (ἕο
302 3501 308 3513 .
328 3457 403 3512 Gaii.
423 3457 558 3511 Goosraa.
577 3457 719 3523 Quodlinb.
738 3459 765 3511 et
782 3456 815 3510 Li
835 3475 856 3511 s.
878 3461 951 3512 1846.
971 3461 994 3512 8.
1014 3459 1075 3512 mai.

151 3531 178 3594 5)
195 3528 306 3598 Virgil's
332 3525 463 3581 Gedichte
486 3524 588 3579 erklirt
609 3541 660 3578 ron
686 3527 734 3578 ΤΙι.
754 3525 780 3577 L
861 3526 897 3593 ip.
924 3529 946 3579 1.
964 3525 1085 3580 Bindch.
1108 3525 1236 3580 Bucolica
1258 3543 1285 3581 u.

115 3596 256 3665 Georgica.
273 3595 361 3661 Leipz.
384 3596 455 3649 1850.
474 3599 497 3648 2.
518 3592 637 3648 Banoch.
656 3591 772 3647 Aeneide
797 3592 872 3647 Bnch
892 3593 986 3648 I-Vl.
1010 3594 1040 3647 L.
1060 3595 1131 3648 1851.
1159 3596 1183 3648 8.
1203 3594 1287 3664 (quod

115 3664 234 3718 alterurn
252 3663 310 3718 Vol.
328 3663 371 3716 his
389 3661 454 3731 ipsis
473 3660 581 3714 demum
594 3660 688 3715 diebus
700 3660 817 3730 prodiit,
847 3678 908 3716 curn
931 3677 1006 3716 meas
1029 3661 1153 3716 editionis
1171 3663 1230 3715 Vol.
1251 3661 1287 3716 11.

115 3733 170 3787 iam
189 3733 279 3785 totum
295 3731 367 3800 typis
385 3729 548 3797 exscriptum
566 3730 656 3795 esset).

137 3803 178 3880 ,6)
197 3797 457 3878 Quidstatnendqm
483 3796 526 3876 sit¹
544 3795 576 3850 de
600 3796 744 3876 novissima
765 3796 871 3877 Virgilii
898 3795 1028 3876 editione,
1051 3813 1132 3877 qnam
1155 3796 1197 3851 his
1220 3797 1287 3919 iqsis

117 3869 213 3923 diebus
226 3865 296 3922 Gml.
312 3865 462 3920 Freundrns
476 3867 599 3919 emrttere
613 3868 702 3934 coepit
718 3864 758 3932 (P.
767 3866 816 3918 Vir
838 3864 1064 3932 ‚Mar.Carm1na,
1076 3864 1233 3920 mrtdeutsc
1254 3883 1287 3921 en

116 3935 241 3990 Anmerk.
260 3934 303 3988 fiir
315 3933 341 3987 d.
354 3933 435 3989 Schnl
455 3931 571 3987 ebrauch
585 3932 735 3987 bearbeitet
746 3949 797 3986 ron
848 3932 896 3985 illi.
910 3933 1031 3986 Freuad.
1051 3937 1071 3987 1.
1092 3933 1148 3987 Hit.
1169 3933 1287 3988 Aeneide

117 4005 148 4084 13.
167 4003 246 4056 I-V.
264 4002 350 4057 Bresl.
372 3949 468 4122 1851}
487 4000 573 4057 dicere
592 4016 781 4081 corporeum,
806 4016 866 4054 curn
885 4016 944 4055 eam
961 4000 1091 4070 prodiisse
1109 4004 1222 4081 tantum
1235 4001 1287 4081 has

119 4087 193 4141 ipsas
214 4070 348 4152 'plagulas
379 4085 439 4123 men
460 4085 538 4123 orum
566 4068 821 4138 typographicorum
851 4084 934 4123 causa
960 4074 1128 4137 percensenti
1158 4068 1224 4122 mrln
1247 4086 1288 4123 rn-

116 4143 298 4269 nollelll'vir
319 4249 323 4259 .
347 4202 414 4257 Mar.
438 4203 532 4273 Opera.
567 4204 635 4258 Cum
659 4204 763 4260 adnott.
787 4203 898 4273 Heynii,
921 4203 1061 4273 Wagneri‚
1082 4203 1287 4267 Wunderlichii,

118 4274 268 4344 Forbigeri,
286 4272 407 4353 an'ornm·
423 4271 463 4350 ed.
484 4274 607 4353 Thomas·
619 4271 773 4352 Kcrclreoer
790 4273 908 4327 Aruolol.
942 4270 1025 4352 Lond.
1048 4275 1111 4325 1815
1131 4288 1187 4341 sqq.
1208 4275 1287 4351 (opas

118 4340 490 4472 renitententis>
509 4339 1288 4476 §tineVrtltutatttdtetttrrttttt

118 4480 191 4533 taire
210 4486 236 4531 et
252 4496 289 4530 un
307 4476 389 4529 truite
402 4493 451 4528 aar
469 4473 508 4527 les
520 4426 692 4546 principales
703 4476 910 4546 particulariter
928 4479 961 4530 de
981 4477 1010 4530 ia
1026 4482 1139 4553 symae
1154 4477 1288 4545 poetique,

116 4565 174 4617 par
191 4546 240 4601 Fr.
256 4544 379 4598 Dona.
397 4542 474 4597 Paris
495 4546 567 4598 1851.
586 4548 610 4598 8.
628 4544 692 4598 min.
712 4544 799 4612 (cuius
817 4544 943 4599 editionis
961 4544 1169 4598 commentarius
1188 4543 1288 4597 brevis-
1394 4560 1406 4578 ι’

119 4616 204 4668 simus
222 4612 373 4667 scholarum
387 4609 455 4691 'usui
475 4609 606 4692 scriptus,¹
617 4614 748 4692 qnantum
766 4612 808 4667 his
826 4612 920 4682 paucis
938 4610 1039 4674 diebus,
1058 4608 1156 4678 quibus
1168 4611 1233 4664 mihi
1253 4610 1286 4664 ad

120 4698 216 4737 manns
236 4685 286 4750 est,
306 4678 458 4748 intelhgare
475 4679 562 4749 potui,
580 4679 647 4733 nrhrl
665 4695 775 4735 omnmo
792 4681 855 4735 nori
872 4679 1010 4746 continet).
