2872 5070
504 247 783 318 cArALEuTa
804 248 864 315 XI.
1206 256 1266 319 733

177 418 318 482 Vincere
340 427 371 481 et
394 416 518 481 Oceani
539 415 657 481 finibus
677 414 836 482 ulterius?

95 501 168 567 Non
189 510 335 566 nostrum
357 508 406 564 est
427 509 545 583 tantas,
568 523 643 581 non,
665 501 806 587 inquam,
829 499 988 584 attingere
1005 495 1139 582 laudes3
1234 514 1266 563 55

179 584 266 663 Quin
289 584 394 648 ausim
411 581 472 649 hoc
494 587 592 648 etiam
615 583 733 666 dicere,
756 585 814 647 vix
835 581 1001 648 hominum
1021 591 1079 649 est.

95 669 174 754 Ipsa
195 668 286 749 haec,
308 669 382 753 ipsa
402 667 507 732 ferent
527 689 636 732 rerum
656 675 864 732 monumenta
885 689 945 753 per
966 664 1089 749 orbem,

178 751 256 837 Ipsa
278 749 341 815 sibi
364 752 530 835 egregium
552 750 641 814 facta
661 747 758 814 decus
781 750 925 837 parient3

96 835 164 899 Nos
186 857 234 916 ea,
257 855 340 980 qqiae
361 842 469 898 tecum
488 833 653 897 finxerunt
674 833 820 897 carmina
840 831 918 912 divi,

181 917 268 1002 Cynt
291 920 341 981 ius
364 926 395 979 et
416 916 540 998 Musae,
562 914 711 979 Bacchus
734 925 765 979 et
785 914 911 999 Aglaie.

103 1001 138 1066 Si
159 999 287 1064 laudem
310 999 369 1064 ads
394 1001 490 1082 irare,
513 997 644 1064 humilis
666 999 694 1063 si
714 997 805 1062 edire
830 997 1002 1079 Camenas,

182 1084 216 1146 si
238 1083 345 1168 patrio
368 1022 487 1148 licaios
512 1083 656 1147 carmine
677 1080 769 1145 adire
790 1080 875 1146 sales

97 1167 284 1249 Possumus,
307 1168 426 1265 optatis
447 1165 521 1252 plus
542 1168 607 1231 iam
621 1164 838 1314 ¹frocedImus
859 1165 950 1251 ipsis.

180 1249 254 1313 Hoc
275 1261 354 1315 satis
376 1259 439 1331 cst,
463 1251 577 1336 pingui
598 1251 629 1313 n‘
666 1248 746 1313 mihi
768 1269 842 1313 cum
864 1245 993 1334 populo.

98 1548 1272 1698 44444444444..444444.4444444

98 1689 121 1757 Ι,
141 1693 181 1768 bb.
200 1687 320 1768 -·Cum
337 1702 363 1739 v.
422 1684 969 1766 .cf.Ecl.IIl‚198.,undehu1usloci
996 1686 1069 1742 color
1097 1687 1195 1769 ductus
1221 1692 1271 1748 est.

42 1783 45 1788 ’
99 1751 834 1902 filli?ltilllldllmmil.,illnll‘ellllt
850 1770 1016 1891 bitti
1034 1757 1273 1880 41441114

99 1892 241 1949 Messallae
260 1893 340 1958 poeta
358 1889 462 1956 dixerit,
492 1890 642 1960 quibusque
661 1904 777 1943 carmine
797 1888 965 1944 celebrandis
984 1907 1012 1946 se
1029 1890 1160 1962 Imparem
1185 1842 1272 1949 latea-

100 1962 155 2028 tur,
176 1959 346 2014 referendum
364 1957 410 2021 sit,
439 1957 571 2026 imprimis
593 1957 628 2011 ad
645 1972 670 2010 v.
688 1960 729 2012 41.
759 1956 847 2011 Verba
875 1960 966 2012 autem
992 1960 1072 2029 vulgo
1101 1960 1141 2015 sic
1164 1961 1272 2032 posita:

100 2029 167 2082 Noa
183 2048 209 2082 a.
229 2034 281 2092 est,
299 2028 419 2095 iuquam,
438 2033 529 2080 tantas
546 2028 598 2080 etc.
633 2023 697 2079 Cod.
715 2024 832 2080 Bruxell.
850 2027 1014 2081 auctoritate
1036 2044 1098 2083 cum
1115 2027 1216 2098 Haupt.
1246 2032 1275 2084 et

100 2096 294 2166 posterioribus
325 2092 474 2148 editoribus
501 2093 720 2164 transposuimus
742 2092 885 2159 negatione
902 2095 1010 2150 iterata.
1029 2126 1063 2135 -
1079 2095 1125 2157 57.
1142 2096 1274 2153 14411144-

103 2180 167 2216 uum
197 2167 225 2218 et
247 2163 393 2217 Britannos
417 2161 540 2216 Caesaris
572 2167 744 2215 moamaeata
770 2164 849 2216 vocat
867 2161 966 2217 Catull.
983 2163 1031 2227 XI,
1052 2169 1090 2218 io.
1108 2180 1125 2219 a
1141 2166 1275 2234 Wagnsro

101 2232 227 2285 collatus.
245 2261 278 2270 —
307 2247 430 2296 reram,
449 2229 506 2284 scil.
544 2232 671 2283 estarum.
706 2227 766 2282 Vid.
785 2228 828 2282 ad.
845 2230 909 2285 Aen.
930 2231 1003 2298 VIII,
1030 2237 1086 2286 ici.
1110 2261 1143 2272 -
1167 2234 1277 2300 serent

99 2302 295 2370 peractam.
332 2298 373 2354 cf.
394 2297 450 2351 llcl.
468 2247 584 2375 villo
603 2312 661 2418 sqq.
680 2327 712 2336 —-
738 2294 786 2357 58.
810 2295 959 2364 Punctum,
987 2299 1067 2369 vulgo
1084 2300 1147 2367 post
1188 2302 1279 2355 ariam

101 2367 229 2435 positum,
247 2366 342 2435 Wagn.
362 2368 434 2420 recte
453 2367 571 2417 mutavit
588 2364 615 2417 in
655 2363 794 2418 emicolon.
812 2395 844 2404 -
862 2363 1063 2430 6141444444,
1087 2366 1144 2421 scil.
1174 2383 1278 2423 eremus

100 2452 147 2504 per
171 2436 270 2489 orbem.
294 2462 327 2471 -
352 2449 442 2512 „qaae
465 2440 550 2486 tecam
566 2432 590 2496 f.
611 2432 724 2496 441444,
748 2431 817 2510 144.
837 2432 947 2501 quibus,
967 2449 1029 2486 cum
1047 2449 1079 2488 ea
1096 2433 1210 2501 faceres,
1230 2435 1279 2490 sd·

101 2507 218 2556 nuemnt
234 2501 310 2566 Divi,
329 2500 463 2567 utillum,
502 2515 535 2552 uo
556 2496 699 2562 excellent,
720 2497 878 2552 festivitatis
896 2501 1011 2554 colorem
1030 2502 1220 2571 contraxerint,
1237 2502 1279 2557 ita

102 2575 134 2622 ut
151 2570 185 2622 ab
203 2569 211 2621 i
233 2585 261 2621 so
282 2567 406 2636 Apolline
424 2573 451 2619 et
499 2567 565 2627 usis,
583 2564 689 2619 Baccho
707 2569 735 2617 et
749 2565 843 2633 Aglaie
861 2582 892 2620 ea
911 2566 984 2622 facta
1001 2583 1059 2623 esso
1078 2570 1204 2625 contendi
1216 2587 1279 2641 pos·

103 2637 169 2690 sit.“
206 2586 278 2689 llaec
301 2637 399 2702 Waqa.
417 2650 442 2702 p.
463 2637 512 2697 62,
532 2634 577 2704 qui
595 2631 677 2686 simul
694 2631 726 2685 de
738 2633 852 2713 Baccbo
870 2634 955 2688 Musis
973 2636 1034 2690 444
1056 2636 1132 2691 ollini
1149 2638 1278 2693 adiuncto

102 2708 242 2772 tamquam
260 2706 401 2772 poetarum
419 2703 523 2756 fautore
541 2704 569 2755 et
587 2704 701 2768 patrono
714 2700 828 2753 conferri
842 2702 916 2756 iubet
928 2702 985 2757 Tib.
1043 2709 1080 2771 ,4
1102 2708 1135 2759 43
1147 2722 1186 2776 sq.
1200 2705 1278 2760 uvid.

101 2773 133 2826 A.
147 2773 177 2825 Α.
191 2770 242 2832 ΙΙΙ,
256 2775 303 2823 347
319 2788 357 2839 sq.
371 2769 452 2838 Prop.
467 2769 519 2833 ΙΙΙ,
533 2773 556 2831 1,
570 2773 633 2837 lsq.
647 2766 704 2835 (IV,
722 2772 742 2835 1,
752 2769 806 2834 41.)
816 2768 861 2848 lv,
873 2768 929 2836 (V)
939 2773 964 2838 6,
973 2773 1013 2824 76.
1024 2774 1053 2826 et
1063 2745 1180 2828 (irenei.
1190 2773 1276 2829 Diatr.

102 2840 130 2893 in
142 2839 211 2893 Stat.
226 2837 287 2892 Vol.
299 2838 318 2892 l.
332 2854 356 2906 p.
372 2842 422 2891 444
435 2854 482 2907 sq..
501 2837 533 2890 de
551 2839 626 2890 arcto
646 2843 738 2888 autem
755 2837 962 2892 necessitudinis
981 2839 1096 2903 vinculo,
1115 2857 1168 2910 quo
1185 2842 1280 2896 Musae

105 2911 133 2961 et
147 2907 257 2961 Gratiae
275 2912 402 2975 (quarum
419 2905 462 2958 hic
480 2921 534 2958 una
550 2902 629 2957 modo
641 2902 739 2971 Aglaie
751 2909 986 2971 commemoratur)
997 2906 1068 2962 inter
1080 2923 1109 2962 se
1121 2909 1279 2963 coniunctae

106 2976 174 3038 sint,
194 2975 285 3043 Eurip.
304 2973 381 3028 Herc.
404 2973 456 3027 fur.
476 2976 525 3026 643
543 2988 600 3041 sqq.
636 2970 750 3024 Formae
770 2973 886 3050 nominis
904 2975 1017 3043 Aptale,
1035 2979 1151 3045 quatuor
1167 2975 1280 3045 syllabis

104 3041 333 3112 pronuntiandae,
356 3040 432 3094 aliud
454 3041 604 3109 exemplum
623 3053 676 3092 non
694 3037 778 3092 babeo
796 3055 824 3093 in
844 3045 982 3112 promptu.
1016 3042 1102 3111 Heyn.
1121 3058 1148 3096 v.
1168 3049 1209 3098 60.
1226 3058 1281 3099 une

104 3127 164 3164 cuin
183 3115 223 3165 61.
243 3108 303 3164 vult
321 3110 444 3164 eiectum.
474 3109 510 3163 Et
529 3123 592 3161 sane
610 3122 632 3161 r.
647 3110 689 3160 bl.
702 3110 844 3187 corruptus
856 3108 890 3162 ad
903 3125 953 3164 nos
964 3110 1096 3179 pervenit,
1115 3115 1187 3173 (cuin
1200 3111 1280 3180 vulgo

103 3177 226 3247 legatur:
247 3178 346 3231 bamili
360 3178 411 3229 sed
427 3178 507 3230 adire
521 3175 658 3241 Camena),
677 3189 725 3229 nec
742 3174 795 3227 nisi
813 3177 966 3232 coniectura
977 3178 1067 3232 sanari
1078 3180 1177 3247 potest.
1200 3178 1280 3234 Prius
1316 3227 1318 3233 ,

103 3261 163 3299 cum
183 3245 290 3315 Meyero
312 3261 465 3314 receperam
484 3243 590 3298 Barthii
608 3239 688 3320 corii..
700 3241 734 3295 Si
749 3243 847 3322 laudea
864 3246 1013 3366 adaqirem,
1034 3244 1133 3300 bamili
1147 3247 1184 3300 eit
1200 3247 1281 3302 adire

105 3314 239 3381 04444444,
263 3316 294 3366 ut
311 3329 405 3367 sensus
424 3313 473 3366 sit:
496 3312 575 3366 liceat
593 3308 689 3363 humili
708 3325 825 3365 carmine
843 3311 917 3366 laudi
937 3328 969 3366 us
987 3329 1029 3368 me
1047 3312 1128 3367 adiun
1149 3329 1193 3368 ere
1210 3314 1281 3369 Mes-

103 3381 187 3434 sallae
208 3384 312 3459 poetae.
349 3380 401 3447 (Of.
424 3381 529 3433 adnott.
552 3378 595 3432 ad.
614 3375 671 3430 Ecl.
693 3376 734 3456 ii,
751 3381 792 3434 46.
815 3380 843 3432 44
864 3379 927 3437 Geo.
948 3380 995 3445 IV,
1014 3382 1085 3447 447.)
1146 3396 1197 3436 unc
1218 3397 1280 3436 uero

104 3464 165 3500 cum
187 3448 276 3510 erbo..
294 3448 400 3502 Ladew.
424 3452 452 3502 et
469 3447 596 3501 Benoisto
619 3445 736 3514 praetuli
754 3445 868 3514 Hauptii
890 3450 1033 3502 contortus
1055 3448 1279 3505 emendationem.

103 3514 179 3567 Inter
200 3520 302 3570 ceteras
325 3516 491 3570 conlecturos
514 3513 629 3568 inarime
657 3511 765 3580 placent
799 3513 920 3570 Oudend.
945 3515 1024 3584 (Add.
1047 3515 1077 3570 Τ.
1101 3515 1137 3571 Π.
1160 3533 1187 3587 p.
1212 3518 1282 3583 72³.)

104 3583 204 3636 bamili
220 3583 284 3637 licet
300 3592 360 3637 arte
379 3582 512 3637 Camenae
530 3587 559 3636 et
578 3579 702 3648 Wagneri
723 3581 822 3635 bamili
839 3583 901 3637 licet
917 3591 982 3638 utar
1000 3600 1097 3638 auara.
1115 3614 1149 3623 -
1174 3583 1222 3646 62.
1243 3583 1283 3639 Se'

104 3678 145 3690 -·
164 3649 291 3704 Graios
313 3651 414 3705 adire
436 3649 736 3729 441441ζ44444444.
777 3648 890 3729 iiauptii
916 3651 1072 3708 coniectura
1086 3656 1203 3734 ,recepta
1227 3666 1281 3732 iiop

104 3713 848 3864 44414444444444444444
863 3718 1281 3843 tlftssttltifitflb

102 3851 175 3905 ficili.
199 3852 320 3908 Oudeud.
334 3853 439 3908 confert
449 3854 539 3908 Gratu
549 3851 650 3920 Cyneg.
666 3853 720 3904 107.
740 3853 821 3906 adire
838 3862 911 3908 artes
928 3859 956 3909 et
967 3854 1061 3926 Wagii
1076 3855 1132 3926 (qui
1144 3859 1284 3927 praeterea

103 3918 200 3972 laudat
218 3920 547 3990 Waardenburg.<0pusc.
558 3937 592 4040 K.
611 3921 660 3971 219
679 3920 732 4038 sqq)
750 3919 828 3975 Ouid.
847 3921 921 3978 Fast.
935 3922 981 3988 1v,
993 3925 1042 3978 eiu
1055 3939 1094 4003 sq.
1119 3924 1283 4004 Aventinam

104 4054 253 4134 dationem:
283 4056 320 4135 Se]
344 4056 439 4109 14444144
462 3988 1282 4136 adspirealimellrlmilitsilddirbwgarlsricildssiublepcilpidltiid

105 4122 210 4176 Graios
231 4139 353 4176 carmine
372 4124 500 4178 babere.
526 4152 557 4160 -
583 4094 628 4183 64.
652 4138 775 4190 piaque
802 4124 853 4177 ael
874 4125 960 4179 milri
979 4126 1282 4196 composterlanae

104 4189 200 4243 affecto
224 4191 348 4258 plausum
371 4192 466 4245 turbae
490 4190 604 4245 stolidae
627 4190 655 4243 ct
678 4189 804 4254 obtusae,
828 4198 860 4246 ut
885 4192 1000 4248 Phaedr.
1025 4193 1057 4246 V.
1082 4191 1152 4247 Prol.
1171 4193 1194 4247 1.
1214 4195 1281 4248 extr.

104 4258 183 4311 dicit:
202 4259 370 4313 Illicerutum
385 4260 515 4329 plausum
532 4276 589 4312 aaa
605 4256 743 4312 decidere.
777 4259 818 4313 De
836 4275 892 4314 voc.
931 4261 1021 4329 iuuare
1038 4259 1088 4314 hoc
1107 4275 1187 4316 sensu
1204 4276 1283 4316 usur·

103 4331 167 4394 pato
191 4326 244 4379 vid.
264 4327 325 4381 Hor.
345 4326 402 4380 Sat.
422 4327 444 4394 Ι,
463 4331 487 4389 3,
508 4332 547 4380 58.
573 4325 649 4381 Ovid.
668 4323 733 4379 Met.
752 4326 800 4390 XI,
821 4331 878 4382 148.
929 4328 959 4381 ’4.
980 4345 1019 4397 pr.
1038 4325 1137 4383 Archia
1156 4332 1196 4382 io.
1214 4331 1281 4386 extr.

103 4393 171 4448 alios
189 4397 218 4448 et
234 4393 344 4449 llamsh.
363 4395 460 4463 Synon.
480 4395 516 4449 Π.
534 4399 556 4460 6.
579 4397 652 4448 1038.
688 4392 730 4448 Cf.
748 4392 831 4449 etiam
849 4395 953 4451 adnott.
972 4395 1007 4449 ad
1025 4394 1111 4450 Catal.
1134 4395 1195 4460 VH,
1212 4400 1237 4452 4.

104 4004 233 4040 cacumen
250 3989 338 4040 adire.
374 3989 493 4042 Wacker.
512 3988 539 4040 ln

592 4569 798 4579 Ἣ
